{:20:0600412
:25:PL47249000050000452014090460
:28C:2
:60F:C260202PLN21026,50
:61:2602020202CN506,14NTRFNONREF//17929
Przelew
:86:0510<00p. przychodzacy krajowy/wewnetrzny<1017929
<20ZARZADZANIE 1/26
<21/NIP/
<2620260131
<27WSPOLNOTA MIESZKANIOWA
<28UL.URSYNOWSKA 20
<29URSYNOWSKA 20/6
<3010501025
<311000009079025822
<32WSPOLNOTA MIESZKANIOWA
<3830105010251000009079025822
<6002-605 WARSZAWA
<63REF452014090460_17929
:61:2602020202CN4554,27NTRFNONREF//17930
Przelew
:86:0510<00p. przychodzacy krajowy/wewnetrzny<1017930
<20ZARZADZANIE NIERUCH. M-C 01
<21/2026/NIP/
<2620260202
<27WSPOLNOTA MIESZKANIOWA MODZELEWSKIE
<28GO 52
<29UL. MODZELEWSKIEGO 52 M.96
<3010201169
<310000880203044955
<32WSPOLNOTA MIESZKANIOWA MODZ
<3862102011690000880203044955
<6002-679 WARSZAWA
<63REF452014090460_17930
:61:2602020202DN2460,00NTRFNONREF//17931
Przelew na rachunki w innym banku
:86:0200<00p. wychodzacy krajowy/wewnetrzny<1017931
<20faktura
<27Ewa Hofman
<29 ---
<3019500001
<312006075909990002
<32Ewa Hofman
<3811195000012006075909990002
<63REF452014090460_17931
:61:2602020202DN896,00NTRFNONREF//17932
Przelew na rachunki w innym banku
:86:0200<00p. wychodzacy krajowy/wewnetrzny<1017932
<20faktura
<27biuro rachunkowe
<29 ---
<3011402004
<310000340279210479
<32biuro rachunkowe
<3871114020040000340279210479
<63REF452014090460_17932
:61:2602020202DN153,75NTRFNONREF//17933
Przelew na rachunki w innym banku
:86:0200<00p. wychodzacy krajowy/wewnetrzny<1017933
<20faktura
<27biuro rachunkowe
<29 ---
<3011402004
<310000340279210479
<32biuro rachunkowe
<3871114020040000340279210479
<63REF452014090460_17933
:61:2602030203DN712,17NTRFNONREF//17934
Przelew na rachunki w innym banku
:86:0200<00p. wychodzacy krajowy/wewnetrzny<1017934
<20zaplata  za fakture
<27Ryszard Wojtkiewicz
<29ul. Ponikowskiego 6b 00-707 Warsza 
<3010501025
<311000009734610877
<32Ryszard Wojtkiewicz
<3831105010251000009734610877
<60warszawa
<63REF452014090460_17934
:61:2602050205CN715,78NTRFNONREF//17935
Przelew
:86:0510<00p. przychodzacy krajowy/wewnetrzny<1017935
<20ZARZADZANIE 1/26
<21/NIP/
<2620260205
<27WSPOLNOTA MIESZKANIOWA PRZY
<28UL.DABROWSKIEGO 26
<29JAROSLAWA DABROWSKIEGO 26
<3010501025
<311000009254496111
<32WSPOLNOTA MIESZKANIOWA PRZY
<3889105010251000009254496111
<6002-561 WARSZAWA
<63REF452014090460_17935
:61:2602060206CN790,63NTRFNONREF//17936
Przelew
:86:0510<00p. przychodzacy krajowy/wewnetrzny<1017936
<20faktura 16/2026 administrow
<21anie nieruchomoscia 1/2026
<2620260206
<27WSPOLNOTA MIESZKANIOWA
<28NIERUCHOMOSCI UL. KWIATOWA 24A
<29KWIATOWA 24A
<3013201104
<312985859020000001
<32WSPOLNOTA MIESZKANIOWA
<3872132011042985859020000001
<6002-539 WARSZAWA PL
<63REF452014090460_17936
:61:2602100210DN973,53NTRFNONREF//17937
Przelew ELIXIR - ZUS
:86:0300<00Przelew ELIXIR - ZUS<1017937
<2001/2026
<27ZUS
<29 ---
<3060000002
<310260015211919056
<32ZUS
<3898600000020260015211919056
<63REF452014090460_17937
:61:2602100210DN973,53NTRFNONREF//17939
Przelew ELIXIR - ZUS
:86:0300<00Przelew ELIXIR - ZUS<1017939
<2001/2026
<27ZUS
<29 ---
<3060000002
<310260011250350517
<32ZUS
<3886600000020260011250350517
<63REF452014090460_17939
:61:2602100210DN13582,17NTRFNONREF//17941
Przelew ELIXIR - ZUS
:86:0300<00Przelew ELIXIR - ZUS<1017941
<2001/2026
<27ZUS
<29 ---
<3060000002
<310260015213415650
<32ZUS
<3829600000020260015213415650
<63REF452014090460_17941
:61:2602100210DN2020,00NTRFNONREF//17943
Przelew na rachunek organu podatko
:86:0310<00Przelew organ podatkowy<1017943
<20/TI/N5213415650
<21/OKR/26M01
<22/SFP/PIT-4
<23/TXT/
<27Urzad skarbowy
<312222521341565000
<32Urzad skarbowy
<3868101000712222521341565000
<63REF452014090460_17943
:61:2602100210DN2078,70NTRFNONREF//17945
Przelew na rachunki w innym banku
:86:0200<00p. wychodzacy krajowy/wewnetrzny<1017945
<20zaplata  za fakture
<27Ryszard Wojtkiewicz
<29ul. Ponikowskiego 6b 00-707 Warsza 
<3010501025
<311000009734610877
<32Ryszard Wojtkiewicz
<3831105010251000009734610877
<60warszawa
<63REF452014090460_17945
:61:2602110211CN15933,00NTRFNONREF//17946
Przelew
:86:0510<00p. przychodzacy krajowy/wewnetrzny<1017946
<203044 XXGC 573/23/IC 293/24/
<21ZWR.OPL500084880358 E.LASKO
<22WSKA J.GONTAREK
<2620260211
<27Sad Okregowy w Warszawie
<2800-898 Warszawa
<29ul. al. Solidarnosci 127
<3010101010
<310402112231000000
<32Sad Okregowy w Warszawie
<3807101010100402112231000000
<63REF452014090460_17946
:61:2602120212DN201,40NTRFNONREF//17947
Przelew wewnatrz banku
:86:0200<00p. wychodzacy krajowy/wewnetrzny<1017947
<20faktura
<27Adam KutylowskiWolomin
<29ul. Koscielna 66/5 ---
<3024900005
<310000400010641477
<32Adam KutylowskiWolomin
<3878249000050000400010641477
<63REF452014090460_17947
:61:2602120212DN2,50NCHGNONREF//17948
POBRANIE OPLATY/PROWIZJI
:86:8090<00Pobranie oplaty<1017948
<20Przelew wychodzacy krajowy
<63REF452014090460_17948
:61:2602130213CN254,25NTRFNONREF//17949
Przelew
:86:0510<00p. przychodzacy krajowy/wewnetrzny<1017949
<20sala zebranie
<2620260213
<27WSPOLNOTA MIESZKANIOWA BOKSERSKA 34
<28UL. BOKSERSKA 34
<2902-682 WARSZAWA
<3020300045
<311110000004257890
<32WSPOLNOTA MIESZKANIOWA BOKS
<3834203000451110000004257890
<63REF452014090460_17949
:61:2602130213CN254,25NTRFNONREF//17950
Przelew
:86:0510<00p. przychodzacy krajowy/wewnetrzny<1017950
<20SALA ZEBRANIE
<2620260213
<27WSPOLNOTA MIESZKANIOWA UL. JADZWING
<28OW 5/7
<29UL. JADZWINGOW 5/7
<3010201185
<310000440201669720
<32WSPOLNOTA MIESZKANIOWA UL. 
<3898102011850000440201669720
<6002-692 WARSZAWA
<63REF452014090460_17950
:61:2602160216CN254,25NTRFNONREF//17951
Przelew
:86:0510<00p. przychodzacy krajowy/wewnetrzny<1017951
<20FV SALA
<2620260216
<27WSPOLNOTA MIESZKANIOWA BOKSERSKA 38
<29UL. BOKSERSKA 38
<3010201026
<310000100201887215
<32WSPOLNOTA MIESZKANIOWA BOKS
<3885102010260000100201887215
<6002-682 WARSZAWA
<63REF452014090460_17951
:61:2602170217DN195,57NTRFNONREF//17952
Przelew na rachunki w innym banku
:86:0200<00p. wychodzacy krajowy/wewnetrzny<1017952
<20faktura
<27Orange
<29 ---
<3010301931
<319000010015881641
<32Orange
<3883103019319000010015881641
<63REF452014090460_17952
:61:2602180218CN1264,33NTRFNONREF//17953
Przelew
:86:0510<00p. przychodzacy krajowy/wewnetrzny<1017953
<20FV ZARZADZANIE
<2620260218
<27WSPOLNOTA MIESZKANIOWA GRUSZCZYNSKI
<28EGO 17
<29UL. GUSTAWA SZARAMOWICZA 17
<3010201026
<310000100202534790
<32WSPOLNOTA MIESZKANIOWA GRUS
<3804102010260000100202534790
<6002-693 WARSZAWA
<63REF452014090460_17953
:61:2602180218CN1311,29NTRFNONREF//17954
Przelew
:86:0510<00p. przychodzacy krajowy/wewnetrzny<1017954
<20FV ZARZADZANIE
<2620260218
<27WSPOLNOTA MIESZKANIOWA JADZWINGOW 2
<282
<29UL. JADZWINGOW 22
<3010201026
<310000110203964244
<32WSPOLNOTA MIESZKANIOWA JADZ
<3814102010260000110203964244
<6002-692 WARSZAWA
<63REF452014090460_17954
:61:2602180218CN1529,26NTRFNONREF//17955
Przelew
:86:0510<00p. przychodzacy krajowy/wewnetrzny<1017955
<20FV ZARZADZANIE
<2620260218
<27WSPOLNOTA MIESZKANIOWA BACHMACKA 6A
<29UL. BACHMACKA 6A
<3010201026
<310000120201800473
<32WSPOLNOTA MIESZKANIOWA BACH
<3827102010260000120201800473
<6002-647 WARSZAWA
<63REF452014090460_17955
:61:2602180218CN1308,42NTRFNONREF//17956
Przelew
:86:0510<00p. przychodzacy krajowy/wewnetrzny<1017956
<20FV ZARZADZANIE
<2620260218
<27WSPOLNOTA MIESZKANIOWA UL. BOGUNKI
<285
<29UL. BOGUNKI 5
<3010201026
<310000160202148963
<32WSPOLNOTA MIESZKANIOWA UL. 
<3834102010260000160202148963
<6002-692 WARSZAWA
<63REF452014090460_17956
:61:2602180218CN2103,88NTRFNONREF//17957
Przelew
:86:0510<00p. przychodzacy krajowy/wewnetrzny<1017957
<20FV ZARZADZANIE
<2620260218
<27WSPOLNOTA MIESZKANIOWA GANDHIEGO 27
<29UL. AL. WILANOWSKA 363 M.57
<3010201169
<310000860201013184
<32WSPOLNOTA MIESZKANIOWA GAND
<3841102011690000860201013184
<6002-665 WARSZAWA
<63REF452014090460_17957
:61:2602180218CN5063,90NTRFNONREF//17958
Przelew
:86:0510<00p. przychodzacy krajowy/wewnetrzny<1017958
<20FV ZARZADZANIE
<2620260218
<27WSPOLNOTA MIESZKANIOWA AL.LOTNIKOW
<2820
<29AL. LOTNIKOW 20
<3010201026
<310000120201852748
<32WSPOLNOTA MIESZKANIOWA AL.L
<3849102010260000120201852748
<6002-668 WARSZAWA
<63REF452014090460_17958
:61:2602180218CN1193,82NTRFNONREF//17959
Przelew
:86:0510<00p. przychodzacy krajowy/wewnetrzny<1017959
<20FV ZARZADZANIE
<2620260218
<27WSPOLNOTA MIESZKANIOWA OBRZEZNA 16
<29UL. OBRZEZNA 16
<3010201026
<310000130202068294
<32WSPOLNOTA MIESZKANIOWA OBRZ
<3851102010260000130202068294
<6002-691 WARSZAWA
<63REF452014090460_17959
:61:2602180218CN3286,37NTRFNONREF//17960
Przelew
:86:0510<00p. przychodzacy krajowy/wewnetrzny<1017960
<20FV ZARZADZANIE
<2620260218
<27WSPOLNOTA MIESZKANIOWA RZYMOWSKIEGO
<28 49
<29UL. WINCENTEGO RZYMOWSKIEGO 49
<3010201026
<310000160205070570
<32WSPOLNOTA MIESZKANIOWA RZYM
<3852102010260000160205070570
<6002-697 WARSZAWA
<63REF452014090460_17960
:61:2602180218CN921,95NTRFNONREF//17961
Przelew
:86:0510<00p. przychodzacy krajowy/wewnetrzny<1017961
<20FV ZARZADZANIE
<2620260218
<27WSPOLNOTA MIESZKANIOWA UL. CZERSKA
<285
<29UL. CZERSKA 5 M.1
<3010201068
<310000100202258572
<32WSPOLNOTA MIESZKANIOWA UL. 
<3862102010680000100202258572
<6000-732 WARSZAWA
<63REF452014090460_17961
:61:2602180218CN2937,64NTRFNONREF//17962
Przelew
:86:0510<00p. przychodzacy krajowy/wewnetrzny<1017962
<20FV ZARZADZANIE
<2620260218
<27WSPOLNOTA MIESZKANIOWA TUCHLINSKA 2
<29UL. TUCHLINSKA 2
<3010201026
<310000170201830009
<32WSPOLNOTA MIESZKANIOWA TUCH
<3870102010260000170201830009
<6002-695 WARSZAWA
<63REF452014090460_17962
:61:2602180218CN1098,56NTRFNONREF//17963
Przelew
:86:0510<00p. przychodzacy krajowy/wewnetrzny<1017963
<20FV ZARZADZANIE
<2620260218
<27WSPOLNOTA MIESZKANIOWA OBRZEZNA 6
<29UL. OBRZEZNA 6
<3010201026
<310000110202366508
<32WSPOLNOTA MIESZKANIOWA OBRZ
<3876102010260000110202366508
<6002-691 WARSZAWA
<63REF452014090460_17963
:61:2602180218CN882,05NTRFNONREF//17964
Przelew
:86:0510<00p. przychodzacy krajowy/wewnetrzny<1017964
<20FV ZARZADZANIE
<2620260218
<27WSPOLNOTA MIESZKANIOWA JADZWINGOW 1
<286
<29UL. JADZWINGOW 16
<3010201026
<310000110202422053
<32WSPOLNOTA MIESZKANIOWA JADZ
<3878102010260000110202422053
<6002-692 WARSZAWA
<63REF452014090460_17964
:61:2602180218CN2960,88NTRFNONREF//17965
Przelew
:86:0510<00p. przychodzacy krajowy/wewnetrzny<1017965
<20FV ZARZADZANIE
<2620260218
<27WSPOLNOTA MIESZKANIOWA AL.NIEPODLEG
<28LOSCI 103
<29UL. ALEJA NIEPODLEGLOSCI 103
<3010201026
<310000160202307833
<32WSPOLNOTA MIESZKANIOWA AL.N
<3878102010260000160202307833
<6002-626 WARSZAWA
<63REF452014090460_17965
:61:2602180218CN2244,45NTRFNONREF//17966
Przelew
:86:0510<00p. przychodzacy krajowy/wewnetrzny<1017966
<20FV ZARZADZANIE
<2620260218
<27WSPOLNOTA MIESZKANIOWA SNIARDWY 5
<29UL. SNIARDWY 5
<3010201026
<310000180201968551
<32WSPOLNOTA MIESZKANIOWA SNIA
<3882102010260000180201968551
<6002-695 WARSZAWA
<63REF452014090460_17966
:61:2602180218CN1160,59NTRFNONREF//17967
Przelew
:86:0510<00p. przychodzacy krajowy/wewnetrzny<1017967
<20FV ZARZADZANIE
<2620260218
<27WSPOLNOTA MIESZKANIOWA GRUSZCZYNSKI
<28EGO 14A
<29UL. PIOTRA GRUSZCZYNSKIEGO 14A
<3010201169
<310000850200841775
<32WSPOLNOTA MIESZKANIOWA GRUS
<3882102011690000850200841775
<6002-693 WARSZAWA
<63REF452014090460_17967
:61:2602180218CN3531,27NTRFNONREF//17968
Przelew
:86:0510<00p. przychodzacy krajowy/wewnetrzny<1017968
<20FV ZARZADZANIE
<2620260218
<27WSPOLNOTA MIESZKANIOWA BOKSERSKA 38
<29UL. BOKSERSKA 38
<3010201026
<310000100201887215
<32WSPOLNOTA MIESZKANIOWA BOKS
<3885102010260000100201887215
<6002-682 WARSZAWA
<63REF452014090460_17968
:61:2602180218CN1042,68NTRFNONREF//17969
Przelew
:86:0510<00p. przychodzacy krajowy/wewnetrzny<1017969
<20FV ZARZADZANIE
<2620260218
<27WSPOLNOTA MIESZKANIOWA FR. JOLIOT C
<28URIE 12
<29UL. FRYDERYKA JOLIOT CURIE 12
<3010201026
<310000140202016467
<32WSPOLNOTA MIESZKANIOWA FR. 
<3893102010260000140202016467
<6002-646 WARSZAWA
<63REF452014090460_17969
:61:2602180218CN450,00NTRFNONREF//17970
Przelew
:86:0510<00p. przychodzacy krajowy/wewnetrzny<1017970
<20FV ZARZADZANIE
<2620260218
<27WSPOLNOTA MIESZKANIOWA GLOGOWA 26
<29UL.GLOGOWA 26
<3010201026
<310000150201997485
<32WSPOLNOTA MIESZKANIOWA GLOG
<3894102010260000150201997485
<6002-639 WARSZAWA
<63REF452014090460_17970
:61:2602180218DN11687,18NTRFNONREF//17971
Przelew na rachunki w innym banku
:86:0200<00p. wychodzacy krajowy/wewnetrzny<1017971
<20faktura
<27INstytut Geodezji i Krtografii
<29 ---
<3012406247
<311111000049735547
<32INstytut Geodezji i Krtogra
<3818124062471111000049735547
<63REF452014090460_17971
:61:2602200220DN4285,00NTRFNONREF//17972
Przelew na rachunek organu podatko
:86:0310<00Przelew organ podatkowy<1017972
<20/TI/N5213415650
<21/OKR/26M01
<22/SFP/PIT-5L
<23/TXT/
<27Urzad Skarbowy
<312222521191905600
<32Urzad Skarbowy
<3881101000712222521191905600
<63REF452014090460_17972
:61:2602200220DN4285,00NTRFNONREF//17974
Przelew na rachunek organu podatko
:86:0310<00Przelew organ podatkowy<1017974
<20/TI/N5213415650
<21/OKR/26M01
<22/SFP/PIT-5L
<23/TXT/
<27Elzbieta Laskowska
<312222125035051700
<32Elzbieta Laskowska
<3845101000712222125035051700
<63REF452014090460_17974
:61:2602200220DN3800,00NTRFNONREF//17976
Przelew wewnatrz banku
:86:0200<00p. wychodzacy krajowy/wewnetrzny<1017976
<20wynagrodzenie 02/2026
<27Nowak Bartosz
<29 ---
<3024900005
<310000400076200165
<32Nowak Bartosz
<3820249000050000400076200165
<63REF452014090460_17976
:61:2602200220DN2,50NCHGNONREF//17977
POBRANIE OPLATY/PROWIZJI
:86:8090<00Pobranie oplaty<1017977
<20Przelew wychodzacy krajowy
<63REF452014090460_17977
:61:2602200220DN5800,00NTRFNONREF//17978
Przelew wewnatrz banku
:86:0200<00p. wychodzacy krajowy/wewnetrzny<1017978
<2002/2026
<27Adam KutylowskiWolomin
<29ul. Koscielna 66/5 ---
<3024900005
<310000400010641477
<32Adam KutylowskiWolomin
<3878249000050000400010641477
<63REF452014090460_17978
:61:2602200220DN2,50NCHGNONREF//17979
POBRANIE OPLATY/PROWIZJI
:86:8090<00Pobranie oplaty<1017979
<20Przelew wychodzacy krajowy
<63REF452014090460_17979
:61:2602200220DN9987,92NTRFNONREF//17980
Przelew na rachunki w innym banku
:86:0200<00p. wychodzacy krajowy/wewnetrzny<1017980
<20faktura
<27Jolanta Gontarek
<29 ---
<3011602202
<310000000318952368
<32Jolanta Gontarek
<3873116022020000000318952368
<63REF452014090460_17980
:61:2602200220DN8000,00NTRFNONREF//17981
Przelew na rachunki w innym banku
:86:0200<00p. wychodzacy krajowy/wewnetrzny<1017981
<20wynagr 02/2026
<27Pawel Naumiuk
<29 ---
<3011402004
<310000320252774542
<32Pawel Naumiuk
<3868114020040000320252774542
<63REF452014090460_17981
:61:2602200220DN5800,00NTRFNONREF//17982
Przelew wewnatrz banku
:86:0200<00p. wychodzacy krajowy/wewnetrzny<1017982
<20Pawel Sasin
<27Laskowska Elzbieta Marki
<29ul. Graniczna 13 D ---
<3024900005
<310000400089835961
<32Laskowska Elzbieta Marki
<3835249000050000400089835961
<63REF452014090460_17982
:61:2602200220DN2,50NCHGNONREF//17983
POBRANIE OPLATY/PROWIZJI
:86:8090<00Pobranie oplaty<1017983
<20Przelew wychodzacy krajowy
<63REF452014090460_17983
:61:2602230223CN4910,40NTRFNONREF//17984
Przelew wewnatrz banku
:86:0510<00p. przychodzacy krajowy/wewnetrzny<1017984
<20ZARZADZANIE NIERUCH. M-C 02
<21/2026 20100002            /
<22NIP/  
<27WSPOLNOTA MIESZKANIOWA CIESZYNSKA 4
<29CIESZYNSKA 4 02-716 WARSZAWA
<3024900005
<310000453020309199
<32WSPOLNOTA MIESZKANIOWA CIES
<3879249000050000453020309199
<63REF452014090460_17984
:61:2602230223DN600,00NTRFNONREF//17985
Przelew na rachunki w innym banku
:86:0200<00p. wychodzacy krajowy/wewnetrzny<1017985
<20faktura 28/26
<27LIBRA
<29 ---
<3010501025
<311000009120787222
<32LIBRA
<3809105010251000009120787222
<63REF452014090460_17985
:61:2602230223DN228,78NTRFNONREF//17986
Przelew na rachunki w innym banku
:86:0200<00p. wychodzacy krajowy/wewnetrzny<1017986
<20zaplata za f-re
<27DATACOMP
<29 ---
<3010201055
<310000940205605672
<32DATACOMP
<3828102010550000940205605672
<63REF452014090460_17986
:61:2602230223CN4958,33NTRFNONREF//17987
Przelew
:86:0510<00p. przychodzacy krajowy/wewnetrzny<1017987
<20ZARZADZANIE NIERUCH. M-C 02
<21/202620100002            /N
<22IP/
<2620260223
<27WSPOLNOTA MIESZKANIOWA BOKSERSKA 34
<28UL. BOKSERSKA 34
<2902-682 WARSZAWA
<3020300045
<311110000004257890
<32WSPOLNOTA MIESZKANIOWA BOKS
<3834203000451110000004257890
<63REF452014090460_17987
:61:2602230223CN804,07NTRFNONREF//17988
Przelew
:86:0510<00p. przychodzacy krajowy/wewnetrzny<1017988
<20ZARZADZANIE NIERUCH. M-C 02
<21/202620100002            /N
<22IP/
<2620260223
<27WSPOLNOTA MIESZKANIOWA GRUSZCZYNSKI
<28EGO 14
<29UL. PIOTRA GRUSZCZYNSKIEGO 14
<3020300045
<311110000004243320
<32WSPOLNOTA MIESZKANIOWA GRUS
<3889203000451110000004243320
<6002-693 WARSZAWA
<63REF452014090460_17988
:61:2602230223CN1898,73NTRFNONREF//17989
Przelew
:86:0510<00p. przychodzacy krajowy/wewnetrzny<1017989
<20ZARZADZANIE NIERUCH. M-C 02
<21/202620100002            /N
<22IP/
<2620260223
<27WSPOLNOTA MIESZKANIOWA WOLOSKA 38
<28UL. WOLOSKA 38/28
<2902-583 WARSZAWA
<3012406410
<311111000045993132
<32WSPOLNOTA MIESZKANIOWA WOLO
<3831124064101111000045993132
<63REF452014090460_17989
:61:2602230223CN1909,45NTRFNONREF//17990
Przelew
:86:0510<00p. przychodzacy krajowy/wewnetrzny<1017990
<20ZARZADZANIE NIERUCH. M-C 02
<21/2026 20100002            /
<22NIP/
<2620260223
<27WSPOLNOTA MIESZKANIOWA UL. FR. JOLI
<28OT-CURIE 3 02-646 WARSZAWA
<3010901870
<310000000104092702
<32WSPOLNOTA MIESZKANIOWA UL. 
<3846109018700000000104092702
<63REF452014090460_17990
:61:2602230223CN2353,90NTRFNONREF//17991
Przelew
:86:0510<00p. przychodzacy krajowy/wewnetrzny<1017991
<20ZARZADZANIE NIERUCH. M-C 02
<21/202620100002            /N
<22IP/
<2620260223
<27WSPOLNOTA MIESZKANIOWA SNIARDWY 3
<29ul. SNIARDWY 3
<3015401102
<312001570290740001
<32WSPOLNOTA MIESZKANIOWA SNIA
<3830154011022001570290740001
<6002-695 WARSZAWA
<63REF452014090460_17991
:61:2602230223CN1944,66NTRFNONREF//17992
Przelew
:86:0510<00p. przychodzacy krajowy/wewnetrzny<1017992
<20ZARZADZANIE NIERUCH. M-C 02
<21/202620100002            /N
<22IP/
<2620260223
<27WSPOLNOTA MIESZKANIOWA RZYMOWSKIEGO
<2845
<29ul. WINCENTEGO RZYMOWSKIEGO 45
<3015401102
<312001570289890001
<32WSPOLNOTA MIESZKANIOWA RZYM
<3824154011022001570289890001
<6002-697 WARSZAWA
<63REF452014090460_17992
:61:2602230223CN966,69NTRFNONREF//17993
Przelew
:86:0510<00p. przychodzacy krajowy/wewnetrzny<1017993
<20ZARZADZANIE NIERUCH. M-C 02
<21/202620100002            /N
<22IP/
<2620260223
<27WSPOLNOTA MIESZAKNIOWA FR.JOLIOT-CU
<28RIE 4
<29ul. FRYDERYKA JOLIOT - CURIE 4
<3015401102
<312001570308230001
<32WSPOLNOTA MIESZAKNIOWA FR.J
<3877154011022001570308230001
<6002-665 WARSZAWA
<63REF452014090460_17993
:61:2602230223CN922,19NTRFNONREF//17994
Przelew
:86:0510<00p. przychodzacy krajowy/wewnetrzny<1017994
<20ZARZADZANIE NIERUCH. M-C 02
<21/202620100002            /N
<22IP/
<2620260223
<27WSPOLNOTA MIESZKANIOWA UL.RZYMOWSKI
<28EGO 39
<29ul. WINCENTEGO RZYMOWSKIEGO 39
<3015401102
<312001570290450001
<32WSPOLNOTA MIESZKANIOWA UL.R
<3893154011022001570290450001
<6002-697 WARSZAWA
<63REF452014090460_17994
:61:2602230223CN4397,56NTRFNONREF//17995
Przelew
:86:0510<00p. przychodzacy krajowy/wewnetrzny<1017995
<20ZARZADZANIE NIERUCH. M-C 02
<21/202620100002            /N
<22IP/
<2620260223
<27WSPOLNOTA MIESZKANIOWA SNIARDWY 8
<28SNIARDWY 8
<2902-695 WARSZAWA
<3010501054
<311000009221902183
<32WSPOLNOTA MIESZKANIOWA SNIA
<3810105010541000009221902183
<63REF452014090460_17995
:61:2602230223CN909,50NTRFNONREF//17996
Przelew
:86:0510<00p. przychodzacy krajowy/wewnetrzny<1017996
<20ZARZADZANIE NIERUCH. M-C 02
<21/2026/NIP/
<2620260223
<27WSPOLNOTA MIESZKANIOWA KOLBERGA 8
<28UL. O. KOLBERGA 8/21
<2902-650 WARSZAWA
<3012406410
<311111000045991431
<32WSPOLNOTA MIESZKANIOWA KOLB
<3877124064101111000045991431
<63REF452014090460_17996
:61:2602230223CN2723,84NTRFNONREF//17997
Przelew
:86:0510<00p. przychodzacy krajowy/wewnetrzny<1017997
<20ZARZADZANIE NIERUCH. M-C 02
<21/2026/NIP/
<2620260223
<27WSPOLNOTA MIESZKANIOWA PRZY UL.TUCH
<28LINSKA 4
<29UL. TUCHLINSKA 4
<3010201026
<310000160203024254
<32WSPOLNOTA MIESZKANIOWA PRZY
<3863102010260000160203024254
<6002-695 WARSZAWA
<63REF452014090460_17997
:61:2602230223DN2800,00NTRFNONREF//17998
Przelew wewnatrz banku
:86:0200<00p. wychodzacy krajowy/wewnetrzny<1017998
<20zwrot
<27Jolanta Gontarek02-660 warszawa
<29ul. Blacharska 1 m 343 ---
<3024900005
<310000400086564203
<32Jolanta Gontarek02-660 wars
<3886249000050000400086564203
<63REF452014090460_17998
:61:2602230223DN2,50NCHGNONREF//17999
POBRANIE OPLATY/PROWIZJI
:86:8090<00Pobranie oplaty<1017999
<20Przelew wychodzacy krajowy
<63REF452014090460_17999
:61:2602240224DN336,75NTRFNONREF//18000
Przelew na rachunki w innym banku
:86:0200<00p. wychodzacy krajowy/wewnetrzny<1018000
<20zwrot za fv
<27Jacek Dodow
<29 ---
<3010201055
<310000900201500149
<32Jacek Dodow
<3828102010550000900201500149
<63REF452014090460_18000
:61:2602240224CN4589,76NTRFNONREF//18001
Przelew
:86:0510<00p. przychodzacy krajowy/wewnetrzny<1018001
<20ZARZADZANIE NIERUCH. M-C 02
<21/2026/NIP/
<2620260224
<27WSPOLNOTA MIESZKANIOWA SNIARDWY 6
<29UL. SNIARDWY 6
<3010201026
<310000190206935979
<32WSPOLNOTA MIESZKANIOWA SNIA
<3806102010260000190206935979
<6002-695 WARSZAWA
<63REF452014090460_18001
:61:2602240224CN2017,13NTRFNONREF//18002
Przelew
:86:0510<00p. przychodzacy krajowy/wewnetrzny<1018002
<20ZARZADZANIE NIERUCH. M-C 02
<21/2026/NIP/
<2620260224
<27WSPOLNOTA MIESZKANIOWA BUKIETOWA 2
<29UL. BUKIETOWA 2
<3010201026
<310000130206690756
<32WSPOLNOTA MIESZKANIOWA BUKI
<3882102010260000130206690756
<6002-650 WARSZAWA
<63REF452014090460_18002
:61:2602240224CN721,66NTRFNONREF//18003
Przelew
:86:0510<00p. przychodzacy krajowy/wewnetrzny<1018003
<20ZARZADZANIE NIERUCH. M-C 02
<21/2026/NIP/
<2620260224
<27WSPOLNOTA MIESZKANIOWA PULKU BASZTA
<28 2B
<29UL. PULKU BASZTA 2B
<3010201169
<310000850201576222
<32WSPOLNOTA MIESZKANIOWA PULK
<3814102011690000850201576222
<6002-649 WARSZAWA
<63REF452014090460_18003
:61:2602240224CN5382,04NTRFNONREF//18004
Przelew
:86:0510<00p. przychodzacy krajowy/wewnetrzny<1018004
<20ZARZADZANIE NIERUCH. M-C 02
<21/2026/NIP/
<2620260224
<27WSPOLNOTA MIESZKANIOWA PIENKOWSKIEG
<28O 4
<29UL. STEFANA PIENKOWSKIEGO 4
<3010201026
<310000150203024197
<32WSPOLNOTA MIESZKANIOWA PIEN
<3815102010260000150203024197
<6002-668 WARSZAWA
<63REF452014090460_18004
:61:2602240224CN2516,38NTRFNONREF//18005
Przelew
:86:0510<00p. przychodzacy krajowy/wewnetrzny<1018005
<20ZARZADZANIE NIERUCH. M-C 02
<21/2026/NIP/
<2620260224
<27WSPOLNOTA MIESZKANIOWA BYTNARA 14
<29UL. JANA BYTNARA RUDEGO 14
<3010201026
<310000100202232577
<32WSPOLNOTA MIESZKANIOWA BYTN
<3818102010260000100202232577
<6002-645 WARSZAWA
<63REF452014090460_18005
:61:2602240224CN3071,11NTRFNONREF//18006
Przelew
:86:0510<00p. przychodzacy krajowy/wewnetrzny<1018006
<20ZARZADZANIE NIERUCH. M-C 02
<21/2026/NIP/
<2620260224
<27WSPOLNOTA MIESZKANIOWA WYSCIGI
<29UL. PULAWSKA 266
<3010201169
<310000810200116988
<32WSPOLNOTA MIESZKANIOWA WYSC
<3823102011690000810200116988
<6002-684 WARSZAWA
<63REF452014090460_18006
:61:2602240224CN5287,50NTRFNONREF//18007
Przelew
:86:0510<00p. przychodzacy krajowy/wewnetrzny<1018007
<20ZARZADZANIE NIERUCH. M-C 02
<21/2026/NIP/
<2620260224
<27WSPOLNOTA MIESZKANIOWA GOTARDA 8
<29UL. GOTARDA 8
<3010201026
<310000100205148806
<32WSPOLNOTA MIESZKANIOWA GOTA
<3833102010260000100205148806
<6002-683 WARSZAWA
<63REF452014090460_18007
:61:2602240224CN1607,04NTRFNONREF//18008
Przelew
:86:0510<00p. przychodzacy krajowy/wewnetrzny<1018008
<20ZARZADZANIE NIERUCH. M-C 02
<21/2026/NIP/
<2620260224
<27WSPOLNOTA MIESZKANIOWA NIERUCHOMOSC
<28I PRZY UL. GOTARDA 5
<29UL. GOTARDA 5
<3010201042
<310000860202919215
<32WSPOLNOTA MIESZKANIOWA NIER
<3843102010420000860202919215
<6002-683 WARSZAWA
<63REF452014090460_18008
:61:2602240224CN4554,27NTRFNONREF//18009
Przelew
:86:0510<00p. przychodzacy krajowy/wewnetrzny<1018009
<20ZARZADZANIE NIERUCH. M-C 02
<21/2026/NIP/
<2620260224
<27WSPOLNOTA MIESZKANIOWA MODZELEWSKIE
<28GO 52
<29UL. MODZELEWSKIEGO 52 M.96
<3010201169
<310000880203044955
<32WSPOLNOTA MIESZKANIOWA MODZ
<3862102011690000880203044955
<6002-679 WARSZAWA
<63REF452014090460_18009
:61:2602240224DN18000,00NTRFNONREF//18010
Przelew wewnatrz banku
:86:0200<00p. wychodzacy krajowy/wewnetrzny<1018010
<2002/26
<27Jolanta Gontarek02-660 warszawa
<29ul. Blacharska 1 m 343 ---
<3024900005
<310000400086564203
<32Jolanta Gontarek02-660 wars
<3886249000050000400086564203
<63REF452014090460_18010
:61:2602240224DN2,50NCHGNONREF//18011
POBRANIE OPLATY/PROWIZJI
:86:8090<00Pobranie oplaty<1018011
<20Przelew wychodzacy krajowy
<63REF452014090460_18011
:61:2602240224DN18000,00NTRFNONREF//18012
Przelew wewnatrz banku
:86:0200<00p. wychodzacy krajowy/wewnetrzny<1018012
<2002/2026
<27Laskowska Elzbieta Marki
<29ul. Graniczna 13 D ---
<3024900005
<310000400089835961
<32Laskowska Elzbieta Marki
<3835249000050000400089835961
<63REF452014090460_18012
:61:2602240224DN2,50NCHGNONREF//18013
POBRANIE OPLATY/PROWIZJI
:86:8090<00Pobranie oplaty<1018013
<20Przelew wychodzacy krajowy
<63REF452014090460_18013
:61:2602250225DN851,46NTRFNONREF//18014
Przelew na rachunki w innym banku
:86:0200<00p. wychodzacy krajowy/wewnetrzny<1018014
<20pro forma 0031322
<27home.pl
<29 ---
<3011401124
<313630750001421080
<32home.pl
<3811114011243630750001421080
<63REF452014090460_18014
:61:2602270227CN4938,33NTRFNONREF//18015
Przelew
:86:0510<00p. przychodzacy krajowy/wewnetrzny<1018015
<20ZARZADZANIE NIERUCH. M-C 02
<21/2026/NIP/
<2620260226
<27WSPOLNOTA MIESZKANIOWA UL. JADZWING
<28OW 5/7
<29UL. JADZWINGOW 5/7
<3010201185
<310000440201669720
<32WSPOLNOTA MIESZKANIOWA UL. 
<3898102011850000440201669720
<6002-692 WARSZAWA
<63REF452014090460_18015
:61:2602280228DN50,00NCHGNONREF//18017
Oplaty okresowe
:86:8090<00Pobranie oplaty<1018017
<20Oplaty i prowizje
<63REF452014090460_18017
:61:2602280228DN63,60NCHGNONREF//18018
Oplaty okresowe
:86:8090<00Pobranie oplaty<1018018
<20Kody autoryzacyjne SMS w Bu
<21sinessPro: 3.60 Prowadzenie
<22 rachunku: 60.00  
<63REF452014090460_18018
:62F:C260228PLN23124,94
:64:C260228PLN23124,94
-}