<?xml version="1.0" encoding="windows-1250"?>
<Document xmlns="urn:iso:std:iso:20022:tech:xsd:camt.053.001.02">
 <BkToCstmrStmt>
  <GrpHdr>
   <MsgId>20260306102244</MsgId>
   <CreDtTm>2026-03-06T10:22:44</CreDtTm>
  </GrpHdr>
  <Stmt>
   <Id>02/2026/M</Id>
   <CreDtTm>2026-02-28T00:00:00</CreDtTm>
   <FrToDt>
    <FrDtTm>2026-02-01T00:00:00</FrDtTm>
    <ToDtTm>2026-02-28T00:00:00</ToDtTm>
   </FrToDt>
   <Acct>
    <Id>
     <IBAN>PL89203000451110000004243320</IBAN>
    </Id>
    <Ccy>PLN</Ccy>
    <Nm>RACHUNEK BIEŻĄCY</Nm>
    <Ownr>
     <Nm>WSPÓLNOTA MIESZKANIOWA GRUSZCZYŃSKIEGO 14</Nm>
     <PstlAdr>
      <Ctry>PL</Ctry>
      <AdrLine>ul. Piotra Gruszczyńskiego 14</AdrLine>
      <AdrLine>02-693 Warszawa</AdrLine>
     </PstlAdr>
    </Ownr>
   </Acct>
   <Bal>
    <Tp>
     <CdOrPrtry>
      <Cd>OPBD</Cd>
     </CdOrPrtry>
    </Tp>
    <Amt Ccy="PLN">61075.81</Amt>
    <CdtDbtInd>CRDT</CdtDbtInd>
    <Dt>
     <Dt>2026-02-01</Dt>
    </Dt>
   </Bal>
   <Bal>
    <Tp>
     <CdOrPrtry>
      <Cd>CLBD</Cd>
     </CdOrPrtry>
    </Tp>
    <Amt Ccy="PLN">38020.44</Amt>
    <CdtDbtInd>CRDT</CdtDbtInd>
    <Dt>
     <Dt>2026-02-28</Dt>
    </Dt>
   </Bal>
   <Ntry>
    <Amt Ccy="PLN">891.06</Amt>
    <CdtDbtInd>CRDT</CdtDbtInd>
    <Sts>BOOK</Sts>
    <BookgDt>
     <Dt>2026-02-27</Dt>
    </BookgDt>
    <ValDt>
     <Dt>2026-02-27</Dt>
    </ValDt>
    <BkTxCd>
     <Domn>
      <Cd>723</Cd>
     </Domn>
    </BkTxCd>
    <NtryDtls>
     <TxDtls>
      <Refs>
       <InstrId>CEN2602270445648</InstrId>
       <EndToEndId>112 20260226 51</EndToEndId>
      </Refs>
      <RltdPties>
       <Dbtr>
        <Nm>PARUCH MAŁGORZATA WILANOWSKA 8K/9</Nm>
        <PstlAdr>
         <Ctry></Ctry>
         <AdrLine>05-500 JÓZEFOSŁAW</AdrLine>
        </PstlAdr>
       </Dbtr>
       <DbtrAcct>
        <Id>
         <Othr>
          <Id>91105010251000009742056196</Id>
         </Othr>
        </Id>
       </DbtrAcct>
      </RltdPties>
      <RmtInf>
       <Ustrd>Zaliczka na świadczenia za 02/2026-lokal 81/1</Ustrd>
      </RmtInf>
     </TxDtls>
    </NtryDtls>
   </Ntry>
   <Ntry>
    <Amt Ccy="PLN">3.00</Amt>
    <CdtDbtInd>DBIT</CdtDbtInd>
    <Sts>BOOK</Sts>
    <BookgDt>
     <Dt>2026-02-25</Dt>
    </BookgDt>
    <ValDt>
     <Dt>2026-02-25</Dt>
    </ValDt>
    <BkTxCd>
     <Domn>
      <Cd>244</Cd>
     </Domn>
    </BkTxCd>
    <NtryDtls>
     <TxDtls>
      <Refs>
       <InstrId>CEN2602250103174</InstrId>
       <EndToEndId></EndToEndId>
      </Refs>
      <RltdPties>
       <Cdtr>
        <Nm></Nm>
        <PstlAdr>
         <Ctry></Ctry>
         <AdrLine></AdrLine>
        </PstlAdr>
       </Cdtr>
       <CdtrAcct>
        <Id>
         <Othr>
          <Id></Id>
         </Othr>
        </Id>
       </CdtrAcct>
      </RltdPties>
      <RmtInf>
       <Ustrd></Ustrd>
      </RmtInf>
     </TxDtls>
    </NtryDtls>
   </Ntry>
   <Ntry>
    <Amt Ccy="PLN">421.14</Amt>
    <CdtDbtInd>DBIT</CdtDbtInd>
    <Sts>BOOK</Sts>
    <BookgDt>
     <Dt>2026-02-25</Dt>
    </BookgDt>
    <ValDt>
     <Dt>2026-02-25</Dt>
    </ValDt>
    <BkTxCd>
     <Domn>
      <Cd>394</Cd>
     </Domn>
    </BkTxCd>
    <NtryDtls>
     <TxDtls>
      <Refs>
       <InstrId>CEN2602250103174</InstrId>
       <EndToEndId></EndToEndId>
      </Refs>
      <RltdPties>
       <Cdtr>
        <Nm>Gruszczyńska Wiesława</Nm>
        <PstlAdr>
         <Ctry></Ctry>
         <AdrLine>ul. Bokserska 38 m 23 02-682 Warsz awa</AdrLine>
        </PstlAdr>
       </Cdtr>
       <CdtrAcct>
        <Id>
         <Othr>
          <Id>61194010764720679800000000</Id>
         </Othr>
        </Id>
       </CdtrAcct>
      </RltdPties>
      <RmtInf>
       <Ustrd>pobory</Ustrd>
      </RmtInf>
     </TxDtls>
    </NtryDtls>
   </Ntry>
   <Ntry>
    <Amt Ccy="PLN">3.00</Amt>
    <CdtDbtInd>DBIT</CdtDbtInd>
    <Sts>BOOK</Sts>
    <BookgDt>
     <Dt>2026-02-24</Dt>
    </BookgDt>
    <ValDt>
     <Dt>2026-02-24</Dt>
    </ValDt>
    <BkTxCd>
     <Domn>
      <Cd>244</Cd>
     </Domn>
    </BkTxCd>
    <NtryDtls>
     <TxDtls>
      <Refs>
       <InstrId>CEN2602240087337</InstrId>
       <EndToEndId></EndToEndId>
      </Refs>
      <RltdPties>
       <Cdtr>
        <Nm></Nm>
        <PstlAdr>
         <Ctry></Ctry>
         <AdrLine></AdrLine>
        </PstlAdr>
       </Cdtr>
       <CdtrAcct>
        <Id>
         <Othr>
          <Id></Id>
         </Othr>
        </Id>
       </CdtrAcct>
      </RltdPties>
      <RmtInf>
       <Ustrd></Ustrd>
      </RmtInf>
     </TxDtls>
    </NtryDtls>
   </Ntry>
   <Ntry>
    <Amt Ccy="PLN">236.44</Amt>
    <CdtDbtInd>DBIT</CdtDbtInd>
    <Sts>BOOK</Sts>
    <BookgDt>
     <Dt>2026-02-24</Dt>
    </BookgDt>
    <ValDt>
     <Dt>2026-02-24</Dt>
    </ValDt>
    <BkTxCd>
     <Domn>
      <Cd>394</Cd>
     </Domn>
    </BkTxCd>
    <NtryDtls>
     <TxDtls>
      <Refs>
       <InstrId>CEN2602240087337</InstrId>
       <EndToEndId></EndToEndId>
      </Refs>
      <RltdPties>
       <Cdtr>
        <Nm>Zakład Ubezpieczeń Społecznych</Nm>
        <PstlAdr>
         <Ctry></Ctry>
         <AdrLine>Warszawa</AdrLine>
        </PstlAdr>
       </Cdtr>
       <CdtrAcct>
        <Id>
         <Othr>
          <Id>60600000020260015213408302</Id>
         </Othr>
        </Id>
       </CdtrAcct>
      </RltdPties>
      <RmtInf>
       <Ustrd>ZUS</Ustrd>
      </RmtInf>
     </TxDtls>
    </NtryDtls>
   </Ntry>
   <Ntry>
    <Amt Ccy="PLN">8915.27</Amt>
    <CdtDbtInd>DBIT</CdtDbtInd>
    <Sts>BOOK</Sts>
    <BookgDt>
     <Dt>2026-02-23</Dt>
    </BookgDt>
    <ValDt>
     <Dt>2026-02-23</Dt>
    </ValDt>
    <BkTxCd>
     <Domn>
      <Cd>225</Cd>
     </Domn>
    </BkTxCd>
    <NtryDtls>
     <TxDtls>
      <Refs>
       <InstrId>CEN2602231178070</InstrId>
       <EndToEndId></EndToEndId>
      </Refs>
      <RltdPties>
       <Cdtr>
        <Nm>Veolia Energia Warszawa S . A.</Nm>
        <PstlAdr>
         <Ctry></Ctry>
         <AdrLine></AdrLine>
        </PstlAdr>
       </Cdtr>
       <CdtrAcct>
        <Id>
         <Othr>
          <Id>25194012109703517300208010</Id>
         </Othr>
        </Id>
       </CdtrAcct>
      </RltdPties>
      <RmtInf>
       <Ustrd>FV 123802/2025 VEOLIA/NIP/5250005656</Ustrd>
      </RmtInf>
     </TxDtls>
    </NtryDtls>
   </Ntry>
   <Ntry>
    <Amt Ccy="PLN">804.07</Amt>
    <CdtDbtInd>DBIT</CdtDbtInd>
    <Sts>BOOK</Sts>
    <BookgDt>
     <Dt>2026-02-23</Dt>
    </BookgDt>
    <ValDt>
     <Dt>2026-02-23</Dt>
    </ValDt>
    <BkTxCd>
     <Domn>
      <Cd>225</Cd>
     </Domn>
    </BkTxCd>
    <NtryDtls>
     <TxDtls>
      <Refs>
       <InstrId>CEN2602231178059</InstrId>
       <EndToEndId></EndToEndId>
      </Refs>
      <RltdPties>
       <Cdtr>
        <Nm>INTER EJ S.C. ELŻBIETA LA SKOWSKA J OLANTA GONTAREK</Nm>
        <PstlAdr>
         <Ctry></Ctry>
         <AdrLine>02-660 WARSZAWA UL.BLACHA RSKA 1/34 3</AdrLine>
        </PstlAdr>
       </Cdtr>
       <CdtrAcct>
        <Id>
         <Othr>
          <Id>47249000050000452014090460</Id>
         </Othr>
        </Id>
       </CdtrAcct>
      </RltdPties>
      <RmtInf>
       <Ustrd>ZARZĄDZANIE NIERUCH. M-C 02/202620100002 ___________/NIP/</Ustrd>
      </RmtInf>
     </TxDtls>
    </NtryDtls>
   </Ntry>
   <Ntry>
    <Amt Ccy="PLN">1080.00</Amt>
    <CdtDbtInd>DBIT</CdtDbtInd>
    <Sts>BOOK</Sts>
    <BookgDt>
     <Dt>2026-02-23</Dt>
    </BookgDt>
    <ValDt>
     <Dt>2026-02-23</Dt>
    </ValDt>
    <BkTxCd>
     <Domn>
      <Cd>225</Cd>
     </Domn>
    </BkTxCd>
    <NtryDtls>
     <TxDtls>
      <Refs>
       <InstrId>CEN2602231178039</InstrId>
       <EndToEndId></EndToEndId>
      </Refs>
      <RltdPties>
       <Cdtr>
        <Nm>URZĄD M.ST. W-WY  MOKOTÓW   ODPADY</Nm>
        <PstlAdr>
         <Ctry></Ctry>
         <AdrLine></AdrLine>
        </PstlAdr>
       </Cdtr>
       <CdtrAcct>
        <Id>
         <Othr>
          <Id>90103019997702240100067911</Id>
         </Othr>
        </Id>
       </CdtrAcct>
      </RltdPties>
      <RmtInf>
       <Ustrd>WYWÓZ ODPADÓW M-C 02/202620100005 ___________/NIP/5272391342</Ustrd>
      </RmtInf>
     </TxDtls>
    </NtryDtls>
   </Ntry>
   <Ntry>
    <Amt Ccy="PLN">855.37</Amt>
    <CdtDbtInd>CRDT</CdtDbtInd>
    <Sts>BOOK</Sts>
    <BookgDt>
     <Dt>2026-02-23</Dt>
    </BookgDt>
    <ValDt>
     <Dt>2026-02-23</Dt>
    </ValDt>
    <BkTxCd>
     <Domn>
      <Cd>723</Cd>
     </Domn>
    </BkTxCd>
    <NtryDtls>
     <TxDtls>
      <Refs>
       <InstrId>CEN2602231068653</InstrId>
       <EndToEndId>114 20260222 51</EndToEndId>
      </Refs>
      <RltdPties>
       <Dbtr>
        <Nm>KRZYSZTOF ZAWADZKI UL. PATKOWSKIEGO 2/15</Nm>
        <PstlAdr>
         <Ctry></Ctry>
         <AdrLine>02-750    WARSZAWA</AdrLine>
        </PstlAdr>
       </Dbtr>
       <DbtrAcct>
        <Id>
         <Othr>
          <Id>58124061751111000045650644</Id>
         </Othr>
        </Id>
       </DbtrAcct>
      </RltdPties>
      <RmtInf>
       <Ustrd>Krzysztof ZAWADZKI Opłata za czynszza mieszkanie Gruszczyńskiego 14 M 10 za luty 2026</Ustrd>
      </RmtInf>
     </TxDtls>
    </NtryDtls>
   </Ntry>
   <Ntry>
    <Amt Ccy="PLN">855.37</Amt>
    <CdtDbtInd>CRDT</CdtDbtInd>
    <Sts>BOOK</Sts>
    <BookgDt>
     <Dt>2026-02-23</Dt>
    </BookgDt>
    <ValDt>
     <Dt>2026-02-23</Dt>
    </ValDt>
    <BkTxCd>
     <Domn>
      <Cd>723</Cd>
     </Domn>
    </BkTxCd>
    <NtryDtls>
     <TxDtls>
      <Refs>
       <InstrId>CEN2602231068634</InstrId>
       <EndToEndId>114 20260222 51</EndToEndId>
      </Refs>
      <RltdPties>
       <Dbtr>
        <Nm>KRZYSZTOF ZAWADZKI UL. PATKOWSKIEGO 2/15</Nm>
        <PstlAdr>
         <Ctry></Ctry>
         <AdrLine>02-750    WARSZAWA</AdrLine>
        </PstlAdr>
       </Dbtr>
       <DbtrAcct>
        <Id>
         <Othr>
          <Id>58124061751111000045650644</Id>
         </Othr>
        </Id>
       </DbtrAcct>
      </RltdPties>
      <RmtInf>
       <Ustrd>Krzysztof ZAWADZKI Opłata za czynszza mieszkanie Gruszczyńskiego 14 M 10 za styczeń 2026</Ustrd>
      </RmtInf>
     </TxDtls>
    </NtryDtls>
   </Ntry>
   <Ntry>
    <Amt Ccy="PLN">189.48</Amt>
    <CdtDbtInd>DBIT</CdtDbtInd>
    <Sts>BOOK</Sts>
    <BookgDt>
     <Dt>2026-02-20</Dt>
    </BookgDt>
    <ValDt>
     <Dt>2026-02-20</Dt>
    </ValDt>
    <BkTxCd>
     <Domn>
      <Cd>225</Cd>
     </Domn>
    </BkTxCd>
    <NtryDtls>
     <TxDtls>
      <Refs>
       <InstrId>CEN2602200057084</InstrId>
       <EndToEndId></EndToEndId>
      </Refs>
      <RltdPties>
       <Cdtr>
        <Nm>E.ON POLSKA S.A.</Nm>
        <PstlAdr>
         <Ctry></Ctry>
         <AdrLine>00-347 WARSZAWA, UL. WYBR ZEŻE KOŚC IUSZKOWSKIE 41</AdrLine>
        </PstlAdr>
       </Cdtr>
       <CdtrAcct>
        <Id>
         <Othr>
          <Id>33124069601701082000038724</Id>
         </Othr>
        </Id>
       </CdtrAcct>
      </RltdPties>
      <RmtInf>
       <Ustrd>FV 226501134483 E.ON/NIP/5250000794</Ustrd>
      </RmtInf>
     </TxDtls>
    </NtryDtls>
   </Ntry>
   <Ntry>
    <Amt Ccy="PLN">3000.00</Amt>
    <CdtDbtInd>DBIT</CdtDbtInd>
    <Sts>BOOK</Sts>
    <BookgDt>
     <Dt>2026-02-19</Dt>
    </BookgDt>
    <ValDt>
     <Dt>2026-02-19</Dt>
    </ValDt>
    <BkTxCd>
     <Domn>
      <Cd>225</Cd>
     </Domn>
    </BkTxCd>
    <NtryDtls>
     <TxDtls>
      <Refs>
       <InstrId>CEN2602190509700</InstrId>
       <EndToEndId></EndToEndId>
      </Refs>
      <RltdPties>
       <Cdtr>
        <Nm>Wieprzewska  G</Nm>
        <PstlAdr>
         <Ctry></Ctry>
         <AdrLine></AdrLine>
        </PstlAdr>
       </Cdtr>
       <CdtrAcct>
        <Id>
         <Othr>
          <Id>18116022020000000197740800</Id>
         </Othr>
        </Id>
       </CdtrAcct>
      </RltdPties>
      <RmtInf>
       <Ustrd>zaliczka na zakup drzwi do piwnicy</Ustrd>
      </RmtInf>
     </TxDtls>
    </NtryDtls>
   </Ntry>
   <Ntry>
    <Amt Ccy="PLN">22291.97</Amt>
    <CdtDbtInd>DBIT</CdtDbtInd>
    <Sts>BOOK</Sts>
    <BookgDt>
     <Dt>2026-02-19</Dt>
    </BookgDt>
    <ValDt>
     <Dt>2026-02-19</Dt>
    </ValDt>
    <BkTxCd>
     <Domn>
      <Cd>225</Cd>
     </Domn>
    </BkTxCd>
    <NtryDtls>
     <TxDtls>
      <Refs>
       <InstrId>CEN2602190509284</InstrId>
       <EndToEndId></EndToEndId>
      </Refs>
      <RltdPties>
       <Cdtr>
        <Nm>Veolia Energia Warszawa S .A.</Nm>
        <PstlAdr>
         <Ctry></Ctry>
         <AdrLine>UL.STEFANA BATOREGO 2   0 2-591 WAR SZAWA</AdrLine>
        </PstlAdr>
       </Cdtr>
       <CdtrAcct>
        <Id>
         <Othr>
          <Id>25194012109703517300208010</Id>
         </Othr>
        </Id>
       </CdtrAcct>
      </RltdPties>
      <RmtInf>
       <Ustrd>FV 003643/2026 VEOLIA/NIP/5250005656</Ustrd>
      </RmtInf>
     </TxDtls>
    </NtryDtls>
   </Ntry>
   <Ntry>
    <Amt Ccy="PLN">1371.36</Amt>
    <CdtDbtInd>CRDT</CdtDbtInd>
    <Sts>BOOK</Sts>
    <BookgDt>
     <Dt>2026-02-16</Dt>
    </BookgDt>
    <ValDt>
     <Dt>2026-02-16</Dt>
    </ValDt>
    <BkTxCd>
     <Domn>
      <Cd>723</Cd>
     </Domn>
    </BkTxCd>
    <NtryDtls>
     <TxDtls>
      <Refs>
       <InstrId>CEN2602161184232</InstrId>
       <EndToEndId>114 20260213 51</EndToEndId>
      </Refs>
      <RltdPties>
       <Dbtr>
        <Nm>AGNIESZKA AGATA OLEJNICZAK UL. GRUSZCZYŃSKIEGO 14  M.3</Nm>
        <PstlAdr>
         <Ctry></Ctry>
         <AdrLine>02-693 WARSZAWA</AdrLine>
        </PstlAdr>
       </Dbtr>
       <DbtrAcct>
        <Id>
         <Othr>
          <Id>03102011690000870200572081</Id>
         </Othr>
        </Id>
       </DbtrAcct>
      </RltdPties>
      <RmtInf>
       <Ustrd>OPŁATA EKSPLOATACYJNA ZA MARZEC 2017 R W TYM FUNDUSZ REMONTOWY 180 ZŁ A.OLEJNICZAK ID.01116803 GRUSZCZYŃSKIEGO 14 M 3 02-693 WARSZAWA</Ustrd>
      </RmtInf>
     </TxDtls>
    </NtryDtls>
   </Ntry>
   <Ntry>
    <Amt Ccy="PLN">1989.88</Amt>
    <CdtDbtInd>DBIT</CdtDbtInd>
    <Sts>BOOK</Sts>
    <BookgDt>
     <Dt>2026-02-16</Dt>
    </BookgDt>
    <ValDt>
     <Dt>2026-02-16</Dt>
    </ValDt>
    <BkTxCd>
     <Domn>
      <Cd>225</Cd>
     </Domn>
    </BkTxCd>
    <NtryDtls>
     <TxDtls>
      <Refs>
       <InstrId>CEN2602160793527</InstrId>
       <EndToEndId></EndToEndId>
      </Refs>
      <RltdPties>
       <Cdtr>
        <Nm>Miejskie Przedsiębiorstwo Wodociągó w i Kanalizacji</Nm>
        <PstlAdr>
         <Ctry></Ctry>
         <AdrLine>pl. Starynkiewicza 5 02-0 15 Warsza wa</AdrLine>
        </PstlAdr>
       </Cdtr>
       <CdtrAcct>
        <Id>
         <Othr>
          <Id>70102010552003017727000000</Id>
         </Othr>
        </Id>
       </CdtrAcct>
      </RltdPties>
      <RmtInf>
       <Ustrd>FA 017727/252 MPWIK/NIP/5250005662</Ustrd>
      </RmtInf>
     </TxDtls>
    </NtryDtls>
   </Ntry>
   <Ntry>
    <Amt Ccy="PLN">681.38</Amt>
    <CdtDbtInd>CRDT</CdtDbtInd>
    <Sts>BOOK</Sts>
    <BookgDt>
     <Dt>2026-02-12</Dt>
    </BookgDt>
    <ValDt>
     <Dt>2026-02-12</Dt>
    </ValDt>
    <BkTxCd>
     <Domn>
      <Cd>723</Cd>
     </Domn>
    </BkTxCd>
    <NtryDtls>
     <TxDtls>
      <Refs>
       <InstrId>CEN2602120475514</InstrId>
       <EndToEndId>114 20260211 51</EndToEndId>
      </Refs>
      <RltdPties>
       <Dbtr>
        <Nm>ANNA MARIA PAWŁOWSKA GRUSZCZYŃSKIEGO 14/5</Nm>
        <PstlAdr>
         <Ctry></Ctry>
         <AdrLine>02-693    WARSZAWA</AdrLine>
        </PstlAdr>
       </Dbtr>
       <DbtrAcct>
        <Id>
         <Othr>
          <Id>23124011121111001133258162</Id>
         </Othr>
        </Id>
       </DbtrAcct>
      </RltdPties>
      <RmtInf>
       <Ustrd>Czynsz za 02/2026 mieszkanie nr 5</Ustrd>
      </RmtInf>
     </TxDtls>
    </NtryDtls>
   </Ntry>
   <Ntry>
    <Amt Ccy="PLN">963.78</Amt>
    <CdtDbtInd>CRDT</CdtDbtInd>
    <Sts>BOOK</Sts>
    <BookgDt>
     <Dt>2026-02-11</Dt>
    </BookgDt>
    <ValDt>
     <Dt>2026-02-11</Dt>
    </ValDt>
    <BkTxCd>
     <Domn>
      <Cd>723</Cd>
     </Domn>
    </BkTxCd>
    <NtryDtls>
     <TxDtls>
      <Refs>
       <InstrId>CEN2602110893046</InstrId>
       <EndToEndId>112 20260209 51</EndToEndId>
      </Refs>
      <RltdPties>
       <Dbtr>
        <Nm>TROJAN ALICJA GRUSZCZYŃSKIEGO 14/19 WWA</Nm>
        <PstlAdr>
         <Ctry></Ctry>
         <AdrLine></AdrLine>
        </PstlAdr>
       </Dbtr>
       <DbtrAcct>
        <Id>
         <Othr>
          <Id>07102010260000100202522126</Id>
         </Othr>
        </Id>
       </DbtrAcct>
      </RltdPties>
      <RmtInf>
       <Ustrd>02,03/26 Monetia(938:41195893 2026-02-09)</Ustrd>
      </RmtInf>
     </TxDtls>
    </NtryDtls>
   </Ntry>
   <Ntry>
    <Amt Ccy="PLN">753.50</Amt>
    <CdtDbtInd>CRDT</CdtDbtInd>
    <Sts>BOOK</Sts>
    <BookgDt>
     <Dt>2026-02-11</Dt>
    </BookgDt>
    <ValDt>
     <Dt>2026-02-11</Dt>
    </ValDt>
    <BkTxCd>
     <Domn>
      <Cd>723</Cd>
     </Domn>
    </BkTxCd>
    <NtryDtls>
     <TxDtls>
      <Refs>
       <InstrId>CEN2602110849821</InstrId>
       <EndToEndId>114 20260210 54</EndToEndId>
      </Refs>
      <RltdPties>
       <Dbtr>
        <Nm>KRYSTYNA PROHASKA  02-693 W ARSZAWA PIOTRA GRUSZCZYŃSKI</Nm>
        <PstlAdr>
         <Ctry></Ctry>
         <AdrLine>EGO 14 17</AdrLine>
        </PstlAdr>
       </Dbtr>
       <DbtrAcct>
        <Id>
         <Othr>
          <Id>59132000190099041520000398</Id>
         </Othr>
        </Id>
       </DbtrAcct>
      </RltdPties>
      <RmtInf>
       <Ustrd>OPL EKSPL 02 2026 W TYM F REM 135.66 Wpłata w UP nr:991037260210SC#P2600</Ustrd>
      </RmtInf>
     </TxDtls>
    </NtryDtls>
   </Ntry>
   <Ntry>
    <Amt Ccy="PLN">2092.29</Amt>
    <CdtDbtInd>CRDT</CdtDbtInd>
    <Sts>BOOK</Sts>
    <BookgDt>
     <Dt>2026-02-10</Dt>
    </BookgDt>
    <ValDt>
     <Dt>2026-02-10</Dt>
    </ValDt>
    <BkTxCd>
     <Domn>
      <Cd>723</Cd>
     </Domn>
    </BkTxCd>
    <NtryDtls>
     <TxDtls>
      <Refs>
       <InstrId>CEN2602101467099</InstrId>
       <EndToEndId>112 20260210 51</EndToEndId>
      </Refs>
      <RltdPties>
       <Dbtr>
        <Nm>ZAKŁ. GOSP. NIERUCHOM. DZ. MOKOTÓW UL.IRYSOWA 19</Nm>
        <PstlAdr>
         <Ctry></Ctry>
         <AdrLine>02-660 WARSZAWA;PL</AdrLine>
        </PstlAdr>
       </Dbtr>
       <DbtrAcct>
        <Id>
         <Othr>
          <Id>91103015080000000550876078</Id>
         </Othr>
        </Id>
       </DbtrAcct>
      </RltdPties>
      <RmtInf>
       <Ustrd>zaliczka A, B, świadczenia, odpady komunalne za m-c luty 2026</Ustrd>
      </RmtInf>
     </TxDtls>
    </NtryDtls>
   </Ntry>
   <Ntry>
    <Amt Ccy="PLN">785.78</Amt>
    <CdtDbtInd>CRDT</CdtDbtInd>
    <Sts>BOOK</Sts>
    <BookgDt>
     <Dt>2026-02-10</Dt>
    </BookgDt>
    <ValDt>
     <Dt>2026-02-10</Dt>
    </ValDt>
    <BkTxCd>
     <Domn>
      <Cd>723</Cd>
     </Domn>
    </BkTxCd>
    <NtryDtls>
     <TxDtls>
      <Refs>
       <InstrId>CEN2602100792694</InstrId>
       <EndToEndId>114 20260210 51</EndToEndId>
      </Refs>
      <RltdPties>
       <Dbtr>
        <Nm>BARBARA         SUCZYŃSKA-KAŃSKA UL. GRUSZCZYŃSKIEGO 14 M.13</Nm>
        <PstlAdr>
         <Ctry></Ctry>
         <AdrLine>02-693 WARSZAWA</AdrLine>
        </PstlAdr>
       </Dbtr>
       <DbtrAcct>
        <Id>
         <Othr>
          <Id>48102011690000860201866367</Id>
         </Othr>
        </Id>
       </DbtrAcct>
      </RltdPties>
      <RmtInf>
       <Ustrd>CZYNSZ UL. GRUSZCZYŃSKIEGO 14 M 13;02-693 WARSZAWA</Ustrd>
      </RmtInf>
     </TxDtls>
    </NtryDtls>
   </Ntry>
   <Ntry>
    <Amt Ccy="PLN">178.20</Amt>
    <CdtDbtInd>CRDT</CdtDbtInd>
    <Sts>BOOK</Sts>
    <BookgDt>
     <Dt>2026-02-10</Dt>
    </BookgDt>
    <ValDt>
     <Dt>2026-02-10</Dt>
    </ValDt>
    <BkTxCd>
     <Domn>
      <Cd>723</Cd>
     </Domn>
    </BkTxCd>
    <NtryDtls>
     <TxDtls>
      <Refs>
       <InstrId>CEN2602100792815</InstrId>
       <EndToEndId>114 20260210 51</EndToEndId>
      </Refs>
      <RltdPties>
       <Dbtr>
        <Nm>BARBARA         SUCZYŃSKA-KAŃSKA UL. GRUSZCZYŃSKIEGO 14 M.13</Nm>
        <PstlAdr>
         <Ctry></Ctry>
         <AdrLine>02-693 WARSZAWA</AdrLine>
        </PstlAdr>
       </Dbtr>
       <DbtrAcct>
        <Id>
         <Othr>
          <Id>48102011690000860201866367</Id>
         </Othr>
        </Id>
       </DbtrAcct>
      </RltdPties>
      <RmtInf>
       <Ustrd>FUNDUSZ REMONTOWY UL. GRUSZCZYŃSKIEGO 14 M 13; 02-693 WARSZAWA</Ustrd>
      </RmtInf>
     </TxDtls>
    </NtryDtls>
   </Ntry>
   <Ntry>
    <Amt Ccy="PLN">683.15</Amt>
    <CdtDbtInd>CRDT</CdtDbtInd>
    <Sts>BOOK</Sts>
    <BookgDt>
     <Dt>2026-02-10</Dt>
    </BookgDt>
    <ValDt>
     <Dt>2026-02-10</Dt>
    </ValDt>
    <BkTxCd>
     <Domn>
      <Cd>893</Cd>
     </Domn>
    </BkTxCd>
    <NtryDtls>
     <TxDtls>
      <Refs>
       <InstrId>CEN2602100148248</InstrId>
       <EndToEndId></EndToEndId>
      </Refs>
      <RltdPties>
       <Dbtr>
        <Nm>ARTUR MAZUREK ARTUR</Nm>
        <PstlAdr>
         <Ctry></Ctry>
         <AdrLine>RECHNIEWSKIEGO 11/44 03-980 WARSZAWA</AdrLine>
        </PstlAdr>
       </Dbtr>
       <DbtrAcct>
        <Id>
         <Othr>
          <Id>02175000120000000012399383</Id>
         </Othr>
        </Id>
       </DbtrAcct>
      </RltdPties>
      <RmtInf>
       <Ustrd>opłata za lokal nr.7</Ustrd>
      </RmtInf>
     </TxDtls>
    </NtryDtls>
   </Ntry>
   <Ntry>
    <Amt Ccy="PLN">992.25</Amt>
    <CdtDbtInd>CRDT</CdtDbtInd>
    <Sts>BOOK</Sts>
    <BookgDt>
     <Dt>2026-02-09</Dt>
    </BookgDt>
    <ValDt>
     <Dt>2026-02-09</Dt>
    </ValDt>
    <BkTxCd>
     <Domn>
      <Cd>723</Cd>
     </Domn>
    </BkTxCd>
    <NtryDtls>
     <TxDtls>
      <Refs>
       <InstrId>CEN2602091947673</InstrId>
       <EndToEndId>114 20260206 54</EndToEndId>
      </Refs>
      <RltdPties>
       <Dbtr>
        <Nm>ALINA SOTA  02-693 WARSZAWA PIOTRA GRUSZCZYŃSKIEGO 14</Nm>
        <PstlAdr>
         <Ctry></Ctry>
         <AdrLine>16</AdrLine>
        </PstlAdr>
       </Dbtr>
       <DbtrAcct>
        <Id>
         <Othr>
          <Id>59132000190099041520000398</Id>
         </Othr>
        </Id>
       </DbtrAcct>
      </RltdPties>
      <RmtInf>
       <Ustrd>OPLAT EKSPLOATACYJNA 02 202 6 Wpłata w UP nr:991037260206RIBP4734</Ustrd>
      </RmtInf>
     </TxDtls>
    </NtryDtls>
   </Ntry>
   <Ntry>
    <Amt Ccy="PLN">834.69</Amt>
    <CdtDbtInd>CRDT</CdtDbtInd>
    <Sts>BOOK</Sts>
    <BookgDt>
     <Dt>2026-02-09</Dt>
    </BookgDt>
    <ValDt>
     <Dt>2026-02-09</Dt>
    </ValDt>
    <BkTxCd>
     <Domn>
      <Cd>723</Cd>
     </Domn>
    </BkTxCd>
    <NtryDtls>
     <TxDtls>
      <Refs>
       <InstrId>CEN2602091333358</InstrId>
       <EndToEndId>112 20260209 51</EndToEndId>
      </Refs>
      <RltdPties>
       <Dbtr>
        <Nm>WOJCIECH WIEPRZEWSKI SZARAMOWICZA 14/11</Nm>
        <PstlAdr>
         <Ctry></Ctry>
         <AdrLine>02-693 WARSZAWA</AdrLine>
        </PstlAdr>
       </Dbtr>
       <DbtrAcct>
        <Id>
         <Othr>
          <Id>06103000190109851804952837</Id>
         </Othr>
        </Id>
       </DbtrAcct>
      </RltdPties>
      <RmtInf>
       <Ustrd>GRUSZCZYŃSKIEGO 14M11 OPŁATA ZACZYNSZ</Ustrd>
      </RmtInf>
     </TxDtls>
    </NtryDtls>
   </Ntry>
   <Ntry>
    <Amt Ccy="PLN">931.11</Amt>
    <CdtDbtInd>CRDT</CdtDbtInd>
    <Sts>BOOK</Sts>
    <BookgDt>
     <Dt>2026-02-09</Dt>
    </BookgDt>
    <ValDt>
     <Dt>2026-02-09</Dt>
    </ValDt>
    <BkTxCd>
     <Domn>
      <Cd>723</Cd>
     </Domn>
    </BkTxCd>
    <NtryDtls>
     <TxDtls>
      <Refs>
       <InstrId>CEN2602091396664</InstrId>
       <EndToEndId>114 20260209 51</EndToEndId>
      </Refs>
      <RltdPties>
       <Dbtr>
        <Nm>MIECZYSŁAW FRĄCKI GRUSZCZYŃSKIEGO 14/9</Nm>
        <PstlAdr>
         <Ctry></Ctry>
         <AdrLine>WARSZAWA                     02-693</AdrLine>
        </PstlAdr>
       </Dbtr>
       <DbtrAcct>
        <Id>
         <Othr>
          <Id>92124011121111000001510584</Id>
         </Othr>
        </Id>
       </DbtrAcct>
      </RltdPties>
      <RmtInf>
       <Ustrd>OPŁATA EKSPLOATACYJNA W TYM FUNDUSZREMONTOWY</Ustrd>
      </RmtInf>
     </TxDtls>
    </NtryDtls>
   </Ntry>
   <Ntry>
    <Amt Ccy="PLN">1000.00</Amt>
    <CdtDbtInd>CRDT</CdtDbtInd>
    <Sts>BOOK</Sts>
    <BookgDt>
     <Dt>2026-02-09</Dt>
    </BookgDt>
    <ValDt>
     <Dt>2026-02-09</Dt>
    </ValDt>
    <BkTxCd>
     <Domn>
      <Cd>723</Cd>
     </Domn>
    </BkTxCd>
    <NtryDtls>
     <TxDtls>
      <Refs>
       <InstrId>CEN2602091239931</InstrId>
       <EndToEndId>112 20260209 51</EndToEndId>
      </Refs>
      <RltdPties>
       <Dbtr>
        <Nm>SZTYBER MARIUSZ AL ALEJA RÓŻ 9M37</Nm>
        <PstlAdr>
         <Ctry></Ctry>
         <AdrLine>05-500    PIASECZNO</AdrLine>
        </PstlAdr>
       </Dbtr>
       <DbtrAcct>
        <Id>
         <Othr>
          <Id>31116022020000000181488022</Id>
         </Othr>
        </Id>
       </DbtrAcct>
      </RltdPties>
      <RmtInf>
       <Ustrd>Opłaty do WM GRUSZCZYŃSKIEGO 14-Mariusz Sztyber</Ustrd>
      </RmtInf>
     </TxDtls>
    </NtryDtls>
   </Ntry>
   <Ntry>
    <Amt Ccy="PLN">600.00</Amt>
    <CdtDbtInd>CRDT</CdtDbtInd>
    <Sts>BOOK</Sts>
    <BookgDt>
     <Dt>2026-02-05</Dt>
    </BookgDt>
    <ValDt>
     <Dt>2026-02-05</Dt>
    </ValDt>
    <BkTxCd>
     <Domn>
      <Cd>723</Cd>
     </Domn>
    </BkTxCd>
    <NtryDtls>
     <TxDtls>
      <Refs>
       <InstrId>CEN2602050376387</InstrId>
       <EndToEndId>112 20260204 51</EndToEndId>
      </Refs>
      <RltdPties>
       <Dbtr>
        <Nm>MARTA ŁABĘTOWICZ UL.LEBIODOWA 33A</Nm>
        <PstlAdr>
         <Ctry></Ctry>
         <AdrLine>04-674 WARSZAWA</AdrLine>
        </PstlAdr>
       </Dbtr>
       <DbtrAcct>
        <Id>
         <Othr>
          <Id>89114020170000460204668432</Id>
         </Othr>
        </Id>
       </DbtrAcct>
      </RltdPties>
      <RmtInf>
       <Ustrd>WPLATA ZA GRUSZCZYNSKIEGO 14 M 12</Ustrd>
      </RmtInf>
     </TxDtls>
    </NtryDtls>
   </Ntry>
   <Ntry>
    <Amt Ccy="PLN">597.59</Amt>
    <CdtDbtInd>CRDT</CdtDbtInd>
    <Sts>BOOK</Sts>
    <BookgDt>
     <Dt>2026-02-04</Dt>
    </BookgDt>
    <ValDt>
     <Dt>2026-02-04</Dt>
    </ValDt>
    <BkTxCd>
     <Domn>
      <Cd>723</Cd>
     </Domn>
    </BkTxCd>
    <NtryDtls>
     <TxDtls>
      <Refs>
       <InstrId>CEN2602040918149</InstrId>
       <EndToEndId>114 20260204 51</EndToEndId>
      </Refs>
      <RltdPties>
       <Dbtr>
        <Nm>RAFAŁ SOBIESŁAW DOŁĘGA-OTOCKI UL. GRUSZCZYŃSKIEGO 14  M.4</Nm>
        <PstlAdr>
         <Ctry></Ctry>
         <AdrLine>02-693 WARSZAWA</AdrLine>
        </PstlAdr>
       </Dbtr>
       <DbtrAcct>
        <Id>
         <Othr>
          <Id>97102010130000060200396820</Id>
         </Othr>
        </Id>
       </DbtrAcct>
      </RltdPties>
      <RmtInf>
       <Ustrd>CZYNSZ 02/2026 MIECZYSŁAWA PRZECZKAGRUSZCZYŃSKIEGO 14/4 W-WA</Ustrd>
      </RmtInf>
     </TxDtls>
    </NtryDtls>
   </Ntry>
   <Ntry>
    <Amt Ccy="PLN">812.00</Amt>
    <CdtDbtInd>CRDT</CdtDbtInd>
    <Sts>BOOK</Sts>
    <BookgDt>
     <Dt>2026-02-04</Dt>
    </BookgDt>
    <ValDt>
     <Dt>2026-02-04</Dt>
    </ValDt>
    <BkTxCd>
     <Domn>
      <Cd>723</Cd>
     </Domn>
    </BkTxCd>
    <NtryDtls>
     <TxDtls>
      <Refs>
       <InstrId>CEN2602040322899</InstrId>
       <EndToEndId>112 20260203 51</EndToEndId>
      </Refs>
      <RltdPties>
       <Dbtr>
        <Nm>MARTYNA PORGES UL.KOŁOBRZESKA 103</Nm>
        <PstlAdr>
         <Ctry></Ctry>
         <AdrLine>05-510 KONSTANCIN-JEZIORNA</AdrLine>
        </PstlAdr>
       </Dbtr>
       <DbtrAcct>
        <Id>
         <Othr>
          <Id>26114020040000370281859727</Id>
         </Othr>
        </Id>
       </DbtrAcct>
      </RltdPties>
      <RmtInf>
       <Ustrd>OPŁATA ZA CZYNSZ ADMINISTRACYJNY LUTY 2026, GRUSZCZYŃSKIEGO 14, LOK. 8</Ustrd>
      </RmtInf>
     </TxDtls>
    </NtryDtls>
   </Ntry>
  </Stmt>
 </BkToCstmrStmt>
</Document>