:20:MT940
:25:/PL94102010260000150201997485
:28C:2
:60F:C260202PLN115463,19
:61:2602040204D902,67N152NONREF//5350500600068046
152 0
:86:020~00152
~20FV 017726/254
~21ĸ
~22ĸ
~23ĸ
~24ĸ
~25ĸ
~3010201055
~312003017726000000
~32MPWIK
~33ĸ
~38PL23102010552003017726000000
~60ĸ
~63ĸ
:61:2602090209C681,89NU12NONREF//5400595750008881
U12 0
:86:020~00U12
~20WPĢATA ZA CZYNSZ I FUNDUSZ
~21REMONTOWY PULCZYŅSKA GĢOGOW
~22A26/9
~23ĸ
~24ĸ
~25ĸ
~3011602202
~310000000281271949
~32PULCZYŅSKA MARTA 00-761 WAR
~33SZAWA UL BELWEDERSKA 5/7M23
~38PL78116022020000000281271949
~6020260209
~63ĸ
:61:2602100210C2108,99NU12NONREF//5410593260004383
U12 0
:86:020~00U12
~20zaliczka A, B, ķwiadczenia,
~21        odpady komunalne za
~22 m-c luty       2026
~23ĸ
~24ĸ
~25ĸ
~3010301508
~310000000550876078
~32ZAKĢ. GOSP. NIERUCHOM. DZ.
~33MOKOTÓW UL.IRYSOWA 19
~38PL91103015080000000550876078
~6020260210
~63ĸ
:61:2602130213D260,00N152NONREF//5440505000020513
152 0
:86:020~00152
~20FA NR11/02/2026
~21ĸ
~22ĸ
~23ĸ
~24ĸ
~25ĸ
~3010201169
~310000850200428433
~32UHG ANDRZEJ RYLSKI
~33ĸ
~38PL78102011690000850200428433
~60ĸ
~63ĸ
:61:2602180218D450,00N500NONREF//5490592750002657
500 0
:86:020~00500
~20FV ZARZĄDZANIE
~21ĸ
~22ĸ
~23ĸ
~24ĸ
~25ĸ
~3024900005
~310000452014090460
~32INTER-EJ S.C. JOLANTA GONTA
~33REK, ELŊBIETA LASKOWSKA
~38PL47249000050000452014090460
~60ĸ
~63ĸ
:61:2602180218D1,10N775NONREF//5490592750002657
775 0
:86:020~00775
~20OPĢ.R.ZL.ST.ZW
~21ĸ
~22ĸ
~23ĸ
~24ĸ
~25ĸ
~30ĸ
~31ĸ
~32ĸ
~33ĸ
~38ĸ
~60ĸ
~63ĸ
:61:2602270227D600,00N500NONREF//5580596200005568
500 0
:86:020~00500
~20ODPADY
~21ĸ
~22ĸ
~23ĸ
~24ĸ
~25ĸ
~3010301999
~317702240100067806
~32UMS ODPADY
~33ĸ
~38PL15103019997702240100067806
~60ĸ
~63ĸ
:61:2602270227D1,10N775NONREF//5580596200005568
775 0
:86:020~00775
~20OPĢ.R.ZL.ST.ZW
~21ĸ
~22ĸ
~23ĸ
~24ĸ
~25ĸ
~30ĸ
~31ĸ
~32ĸ
~33ĸ
~38ĸ
~60ĸ
~63ĸ
:61:2602280227D9,00N188NONREF//5590290940013072
188 0
:86:020~00188
~20OPĢATA ZA PROWADZENIE RACHU
~21NKU
~22ĸ
~23ĸ
~24ĸ
~25ĸ
~30ĸ
~31ĸ
~32ĸ
~33ĸ
~38ĸ
~60ĸ
~63ĸ
:62F:C260228PLN116030,20
:64:C260228PLN116030,20
-
