:20:MT940
:25:/PL08105010251000002241840665
:28C:00001
:60F:C260131PLN3152,41
:61:2601310131D1014,59S08297205308909
:86:082
:86:082~00TS41PRZELEW
~20RATA KREDYTU NR
~21002469556100~22Zlec na ra.
~2350/002469556100/000/00~24
~25
~2920105000441000002469556100~3010500044
~311000002469556100 ~32"WSPÓLNOTA MIESZKANIOWA" UL
~33.NARUSZEWICZA 20 ADAMA NARU
~34082
~38PL20105000441000002469556100
~62SZEWICZA 20 02-627 WARSZAWA
~63
:61:2601310131D6646,19S02064001633728
:86:020
:86:020~00JOCGPRZELEW
~20144081/2025 VEOLIA
~21/NIP/~22
~23~24
~25
~2985194012109703517300112937~3019401210
~319703517300112937 ~32Veolia Energia Warszawa S .
~33A. 
~34020
~38PL85194012109703517300112937
~62
~63
:61:2601310131C1440,00S03497201548624
:86:034
:86:034~00TC20PRZELEW
~20Wojciech Rowiński Czynsz
~21+świadczen~22ia + fundusz remontowy
~23~24
~25
~2928105010251000009071891023~3010501025
~311000009071891023 ~32ROWIŃSKI WOJCIECH NARUSZEWI
~33CZA 20/3 02-627 WARSZAWA 
~34034
~38PL28105010251000009071891023
~62
~63
:61:2601290129D795,10S02064001726906
:86:020
:86:020~00JOCGPRZELEW
~20ZARZĄDZANIE 1/26
~2120100002 ___________/NIP/~22
~23~24
~25
~2947249000050000452014090460~3024900005
~310000452014090460 ~32INTER EJ S.C. ELŻBIETA LA S
~33KOWSKA JOLANTA GONTAREK 02-
~34020
~38PL47249000050000452014090460
~62660 WARSZAWA UL.BLACHA RSKA
~63 1/343
:61:2601290129D420,00S02064001726829
:86:020
:86:020~00JOCGPRZELEW
~20DEKLARACJA_GOK_2026.01_____
~21________~2220100005 ___________/NIP/
~23~24
~25
~2932103019997702240100086221~3010301999
~317702240100086221 ~32URZĄD M.ST. W-WY MOKOTÓW 
~33
~34020
~38PL32103019997702240100086221
~62
~63
:61:2601290129D550,00S02064001726828
:86:020
:86:020~00JOCGPRZELEW
~204/1/26 SPRZĄTANIE
~21201000220___________/NIP/52~2212644408
~23~24
~25
~2934132015374527509430000001~3013201537
~314527509430000001 ~32GRAŻYNA PSZKIT 
~33
~34020
~38PL34132015374527509430000001
~62
~63
:61:2601220123C71,11S03497201875775
:86:034
:86:034~00XX20PRZELEW
~20zwrot za prąd: pralnia
~21~22
~23~24
~25
~2961124060031111001088949410~3012406003
~311111001088949410 ~32JAN ADAM SZANDOMIRSKI NARUS
~33ZEWICZA 20/2 02-629 WARSZAW
~34034
~38PL61124060031111001088949410
~62A MAZOWIECKIE
~63
:61:2601220123C39,37S03497201875760
:86:034
:86:034~00XX20PRZELEW
~20zwrot za prąd: pracownia
~21~22
~23~24
~25
~2961124060031111001088949410~3012406003
~311111001088949410 ~32JAN ADAM SZANDOMIRSKI NARUS
~33ZEWICZA 20/2 02-629 WARSZAW
~34034
~38PL61124060031111001088949410
~62A MAZOWIECKIE
~63
:61:2601190119D250,91S02064001664994
:86:020
:86:020~00JOCGPRZELEW
~20221251283352 E.ON
~21/NIP/5250000794~22
~23~24
~25
~2953124069601701082000004996~3012406960
~311701082000004996 ~32E.ON POLSKA S.A. 00-347 WAR
~33SZAWA, UL. WYBR ZEŻE KOŚCIU
~34020
~38PL53124069601701082000004996
~62SZKOWSKIE 41
~63
:61:2601130113C658,87S03497201884908
:86:034
:86:034~00XX20PRZELEW
~20lok. 9. 38.79m2. 1.KZNW:
~21261.83 2~22. Świadczenia: 397.04
~23RAZEM: 658.~2487
~25
~2929175000120000000005230985~3017500012
~310000000005230985 ~32WITKIEWICZ WOJCIECH JAN DŁU
~33GA 44 05-830 WOLICA 
~34034
~38PL29175000120000000005230985
~62
~63
:61:2601120112C1403,48S03497221676900
:86:034
:86:034~00XX20PRZELEW
~20CZYNSZ + ŚWIADCZENIA +
~21FUNDUSZ~22REMONTOWY STYCZEŃ 2026
~23LOKAL UL.~24NARUSZEWICZA 20 M 7/8
~25
~2955102010260000180200654202~3010201026
~310000180200654202 ~32JACEK JAN ANDRZEJEWSKI UL. 
~33OKSYWSKA 38 M.1 01-694 WARS
~34034
~38PL55102010260000180200654202
~62ZAWA
~63
:61:2601110112C1326,99S03497202499828
:86:034
:86:034~00XX20PRZELEW
~20Naruszewicza 20m5 czynsz za
~21styczeń~222026
~23~24
~25
~2938150017771017700869920000~3015001777
~311017700869920000 ~32KAROLINA SCHIELE UL. ADAMA 
~33NARUSZEW ICZA 20/5 02-627 W
~34034
~38PL38150017771017700869920000
~62ARSZAWA KAROLINA SCHIELE UL
~63. ADAMA NARUSZEWICZA 20/5 0
:61:2601120112C1829,50S03497208657984
:86:034
:86:034~00TC20PRZELEW
~20OPŁATA MIESIĘCZNA
~21~22
~23~24
~25
~2909105010381000002249489358~3010501038
~311000002249489358 ~32POKRZYWA PIOTR KRZYSZTOF i 
~33PIASTA-POKRZYWA ALEKSANDRA 
~34034
~38PL09105010381000002249489358
~62A. NARUSZEWICZA 20/6 02-627
~63 WARSZAWA
:61:2601050105D1349,47S02064001655358
:86:020
:86:020~00JOCGPRZELEW
~20301 MPWIK
~21/NIP/5250005662~22
~23~24
~25
~2945102010552003010501000000~3010201055
~312003010501000000 ~32MPWiK 
~33
~34020
~38PL45102010552003010501000000
~62
~63
:61:2601020102C1104,53S03497209861220
:86:034
:86:034~00XX20PRZELEW
~20czynsz Naruszewicza 20
~21lokal nr 2 o~22raz pracownia
~23~24
~25
~2961124060031111001088949410~3012406003
~311111001088949410 ~32JAN ADAM SZANDOMIRSKI NARUS
~33ZEWICZA 20/2 02-629 WARSZAW
~34034
~38PL61124060031111001088949410
~62A MAZOWIECKIE
~63
:61:2601310131C0,00S940NONREF
:86:940~00Informacje szczegółowe:
:86:940~20Saldo dost.:0,00~21Saldo bież.:0,00
:86:940~22Kw blokad:0,00
:62F:C260131PLN0,00
:64:C260131PLN0,00
:86:NAME ACCOUNT OWNER:"WSPÓLNOTA MIESZKANIOWA" UL.NARUSZE
ACCOUNT DESCRIPTION: CURRENT ACCOUNT
-

