:20:MT940
:25:/PL78102010260000160202307833
:28C:2
:60F:C260202PLN93422,04
:61:2602020202C904,60NU12NONREF//5330598940010503
U12 0
:86:020~00U12
~20CZYNSZ ZA LOKAL 18 W BUDYNK
~21U AL NIEPODLEGĢOĶCI 103
~22ĸ
~23ĸ
~24ĸ
~25ĸ
~3011402004
~310000300233772378
~32INTERNET SOLUTIONS BARTĢOMI
~33EJ DUCAL 02-665 WARSZAWA AL
~38PL12114020040000300233772378
~6020260202
~63ĸ
:61:2602020202C915,95NU12NONREF//5330598940010504
U12 0
:86:020~00U12
~20WSPÓLNOTA MIESZKANIOWA AL.
~21NIEPODLEGĢOĶCI 103, MIESZKA
~22NIE 29
~23ĸ
~24ĸ
~25ĸ
~3011402004
~310000320285429241
~32AYSE CEHRELI 02-626 WARSZAW
~33A AL.NIEPODLEGĢOĶCI 103 M.2
~38PL39114020040000320285429241
~6020260202
~63ĸ
:61:2602020202C671,65NU12NONREF//5330598940010505
U12 0
:86:020~00U12
~20opģata czynszu Jolanta Mali
~21nowska Warszawa, ul .Niepod
~22legģoķci 103/51
~23ĸ
~24ĸ
~25ĸ
~3012405309
~311111000050480142
~32JOLANTA MALINOWSKA ZAUĢEK 1
~332 06-100 PUĢTUSK
~38PL52124053091111000050480142
~6020260201
~63ĸ
:61:2602020202C819,60NU12NONREF//5330590130002820
U12 0
:86:020~00U12
~20CZYNSZ LUTY 2026 AL. NIEPOD
~21LEGĢOĶCI103/28 WARSZAWA
~22ĸ
~23ĸ
~24ĸ
~25ĸ
~3011402004
~310000310272623290
~32AGATA PASIEKA 43-430 SKOCZÓ
~33W MIĘDZYĶWIEÆ, UL. MALINOWA
~38PL10114020040000310272623290
~6020260202
~63ĸ
:61:2602030203D557,19N152NONREF//5340500600119642
152 0
:86:020~00152
~20ZWROT ZA ZNAK
~21ĸ
~22ĸ
~23ĸ
~24ĸ
~25ĸ
~3010501025
~311000009254496111
~32WM DĄBROWSKIEGO 26
~33ĸ
~38PL89105010251000009254496111
~60ĸ
~63ĸ
:61:2602030203C900,00NU13NONREF//5340503900172075
U13 0
:86:020~00U13
~20OPĢATA EKSPLOATACYJNA Z FUN
~21DUSZEM  REMONTOWYM
~22ĸ
~23ĸ
~24ĸ
~25ĸ
~3010201156
~310000770200335687
~32WĢODZIMIERZ STEFAN NOWAKOWS
~33KI 02-626 WARSZAWA AL. NIEP
~38PL16102011560000770200335687
~60ĸ
~63ĸ
:61:2602030203C250,00NU12NONREF//5340597990002755
U12 0
:86:020~00U12
~20CZYNSZ AL.NIEPODLEGĢOĶCI 10
~213/25
~22ĸ
~23ĸ
~24ĸ
~25ĸ
~3011402004
~310000310276429324
~32WALDEMAR FURTAK 05-530 CZAC
~33HÓWEK UL.BRZOZOWA 7A
~38PL56114020040000310276429324
~6020260203
~63ĸ
:61:2602040204C952,71NU12NONREF//5350593230004411
U12 0
:86:020~00U12
~20Mariola Paprocka, 02-679 Wa
~21rszawa, Niepodlegģoķci 103
~22m 53, Opģata eksploatacyjna
~23 za m-c: 01.2026r. w tymfun
~24dusz remontowy: 173.10 zģ
~25ĸ
~3011602202
~310000000262088156
~32PAPROCKI DANIEL 02-626 WARS
~33ZAWA WRSZAWA AL NIEPODLEGĢO
~38PL46116022020000000262088156
~6020260203
~63ĸ
:61:2602040204C720,00NU12NONREF//5350593230004412
U12 0
:86:020~00U12
~20Czynsz Niepodlegģoķci 103/6
~21ĸ
~22ĸ
~23ĸ
~24ĸ
~25ĸ
~3011602202
~310000000535377378
~32DEPTA MARCIN 07-221 BRAŅSZC
~33ZYK BRAŅCZCZYK UL RUMIANKOW
~38PL64116022020000000535377378
~6020260204
~63ĸ
:61:2602040204C520,44NU12NONREF//5350593260001560
U12 0
:86:020~00U12
~20OPĢATA EKSPLOATACYJNA ZA MI
~21ESIĄC , W TYM FUNDUSZ REMON
~22TOWY
~23ĸ
~24ĸ
~25ĸ
~3012406351
~311111000048132518
~32SĢAWOMIR SĢUPCZYŅSKI AL. NI
~33EPODLEGĢOĶCI 103 M 54
~38PL32124063511111000048132518
~6020260204
~63ĸ
:61:2602050205C900,57NU13NONREF//5360501000320864
U13 0
:86:020~00U13
~20ZA CZYNSZ LUTY 2026 R., ID.
~21LOKALU44/56, A. I M. SZKODA
~22, AL. NIEPODLEGĢOĶCI 103/56
~23ĸ
~24ĸ
~25ĸ
~3010201169
~310000820200987479
~32EMILIA ĢUCJA STAŅSKA 02-626
~33 WARSZAWA AL. NIEPODLEGĢOĶC
~38PL95102011690000820200987479
~60ĸ
~63ĸ
:61:2602050205C300,00NU13NONREF//5360500600324217
U13 0
:86:020~00U13
~20ROZLICZENIE ZUŊYCIA WODY ZA
~21 2024 I2025R.,ID. LOKALU 44
~22/56, AL. NIEPODLEGĢOĶCI 103
~23/56
~24ĸ
~25ĸ
~3010201169
~310000820200987479
~32EMILIA ĢUCJA STAŅSKA 02-626
~33 WARSZAWA AL. NIEPODLEGĢOĶC
~38PL95102011690000820200987479
~60ĸ
~63ĸ
:61:2602060206C703,20NU12NONREF//5370598660005437
U12 0
:86:020~00U12
~20Czynsz
~21ĸ
~22ĸ
~23ĸ
~24ĸ
~25ĸ
~3011602202
~310000000251591133
~32ADAMSKA ELŊBIETA 02-626 WAR
~33SZAWA AL NIEPODLEGĢOĶCI 103
~38PL23116022020000000251591133
~6020260206
~63ĸ
:61:2602060206C968,25NU12NONREF//5370598660005438
U12 0
:86:020~00U12
~20Zaliczka na ķwiadczenia i f
~21undusz remontowy Rafaģ Minc
~22 Al. Niepodlegģoķci 103 m.
~2317; 02-626 Warszawa
~24ĸ
~25ĸ
~3010901883
~310000000104468587
~32RAFAĢ ALEKSANDER MINC LEKKA
~33 1/145 0 1-910 WARSZAWA
~38PL33109018830000000104468587
~6020260206
~63ĸ
:61:2602060206C610,17NU12NONREF//5370598660005439
U12 0
:86:020~00U12
~20KINGA I PIOTR DZIGOWSCY, NI
~21EPODLEGĢOĶCI 103/30, ID. LO
~22KALU 44/30
~23ĸ
~24ĸ
~25ĸ
~3011402004
~310000390249620842
~32PIOTR DZIGOWSKI 00-542 WARS
~33ZAWA UL.MOKOTOWSKA 51/53 M.
~38PL24114020040000390249620842
~6020260206
~63ĸ
:61:2602070207C902,41NU13NONREF//5380500200047268
U13 0
:86:020~00U13
~20OPĢATA ZA MIESIĄC LUTY 2026
~21 R. ZA  LOKAL ALEJA NIEPODL
~22EGĢOĶCI 103 M.  60, 02-626
~23WARSZAWA
~24ĸ
~25ĸ
~3010201068
~310000110200141440
~32ELŊBIETA OZIĘBĢO 02-557 WAR
~33SZAWA UL. BAĢUCKIEGO 5 M.26
~38PL76102010680000110200141440
~60ĸ
~63ĸ
:61:2602090209C739,02NG04NONREF//5400598410004630
G04 0
:86:020~00G04
~20OPĢATA EKSPL ZA MC LUTY 202
~21        6 W TYM FUN REM 146
~22ZĢ40GR
~23                        Wpģ
~24ata w UP nr:991037260206PVA
~25P4344
~3013200019
~310099041520000398
~32BANASIAK JADWIGA 02-626 WAR
~33 SZAWA ALEJA NIEPODLEGĢOĶCI
~38PL59132000190099041520000398
~6020260206
~63ĸ
:61:2602090209C878,58NU12NONREF//5400598410004631
U12 0
:86:020~00U12
~20Kamiņscy Renata i Marcin Al
~21eja Niepodlegģoķci 103 lok.
~2246 czynsz za miesiąc luty 2
~23026
~24ĸ
~25ĸ
~3011602202
~310000000193179212
~32KAMIŅSKI MARCIN 18-403 ĢOMŊ
~33A UL SZMARAGDOWA 11M56
~38PL54116022020000000193179212
~6020260209
~63ĸ
:61:2602090209C638,00NU12NONREF//5400595750009463
U12 0
:86:020~00U12
~20opģata eksploatacyjna za m-
~21c luty 2026 r.
~22ĸ
~23ĸ
~24ĸ
~25ĸ
~3012406175
~311111001050808053
~32ELŊBIETA GUCZE UL. KLAUDYNY
~33 32/256 01-684 WARSZAWA
~38PL66124061751111001050808053
~6020260208
~63ĸ
:61:2602090209C685,51NU12NONREF//5400595750009461
U12 0
:86:020~00U12
~20Czynsz lokal 64
~21ĸ
~22ĸ
~23ĸ
~24ĸ
~25ĸ
~3010501025
~311000009825930697
~32UMIŅSKA ANNA AL. NIEPODLEGĢ
~33OĶCI 103/64
~38PL34105010251000009825930697
~6020260208
~63ĸ
:61:2602090209C1044,00NU12NONREF//5400595750009462
U12 0
:86:020~00U12
~20ZA NIEPODLEGĢOĶCI 103 LOK.
~2140 , ZA BIEŊĄCY MIESIĄC
~22ĸ
~23ĸ
~24ĸ
~25ĸ
~3011402004
~310000330232034064
~32LILIANA TRZPIL 02-594 WARSZ
~33AWA UL.GIORDANA BRUNA 28 M.
~38PL78114020040000330232034064
~6020260209
~63ĸ
:61:2602100210C832,96NU13NONREF//5410597560004073
U13 0
:86:020~00U13
~20OPĢATA MIESIĘCZNA, LOK 35
~21ĸ
~22ĸ
~23ĸ
~24ĸ
~25ĸ
~3010201013
~310000010200736520
~32JADWIGA CHABROS 02-626 WARS
~33ZAWA AL. NIEPODLEGĢOĶCI 103
~38PL51102010130000010200736520
~60ĸ
~63ĸ
:61:2602100210C527,62NU12NONREF//5410590680009504
U12 0
:86:020~00U12
~20Czynsz  Al.Niepodlegģoķci 1
~2103/24
~22ĸ
~23ĸ
~24ĸ
~25ĸ
~3019401076
~315062441600000000
~32AGNIESZKA KOWAL 05-510 KONS
~33TANCIN-JEZIORNA UL.DĢUGA 7A
~38PL33194010765062441600000000
~6020260210
~63ĸ
:61:2602100210C1273,33NU12NONREF//5410590680009501
U12 0
:86:020~00U12
~20OPĢATA EKSPLOATACYJNA 02/20
~2126
~22ĸ
~23ĸ
~24ĸ
~25ĸ
~3012406319
~311111001031446148
~32MACIEJ TADEUSZ SKOLIMOWSKI
~33AL NIEPODLEGĢOĶCI 103/8 WAR
~38PL78124063191111001031446148
~6020260209
~63ĸ
:61:2602100210C1000,00NU12NONREF//5410590680009502
U12 0
:86:020~00U12
~20Czynsz i fundusz remontowy
~21ĸ
~22ĸ
~23ĸ
~24ĸ
~25ĸ
~3011602202
~310000000012304301
~32WOLIŅSKI CEZARY 02-626 WARS
~33ZAWA AL NIEPODLEGĢOĶCI 103M
~38PL26116022020000000012304301
~6020260210
~63ĸ
:61:2602100210C911,34NU13NONREF//5410503300160399
U13 0
:86:020~00U13
~20OPĢATA EKSPLOATACYJNA 02/20
~2126
~22ĸ
~23ĸ
~24ĸ
~25ĸ
~3010204900
~310000860237693998
~32MARIANNA CABAN 02-626 WARSZ
~33AWA AL. NIEPODLEGĢOĶCI 103
~38PL33102049000000860237693998
~60ĸ
~63ĸ
:61:2602100210C723,66NG04NONREF//5410593260004706
G04 0
:86:020~00G04
~20OPĢATA EKSPLOATACYJNA W TYM
~21        FUNDUSZ REMONTOWY:
~2266.18ZĢ         ZA M-C LUTY
~23 02 2026                Wpģ
~24ata w UP nr:991037260209OH#
~25P4184
~3013200019
~310099041520000398
~32DUBACKA KRYSTYNA 02-626 WA
~33RSZAWA ALEJA NIEPODLEGĢOĶCI
~38PL59132000190099041520000398
~6020260209
~63ĸ
:61:2602100210C531,07NU12NONREF//5410593260004707
U12 0
:86:020~00U12
~20Luty 2026 Daszuta Henryk 68
~2117 Niepodlegģoķci 103/3
~22ĸ
~23ĸ
~24ĸ
~25ĸ
~3012406410
~311111001072074816
~32ANNA DASZUTA-ROZWADOWSKA WI
~33KTORSKA 95/97/3
~38PL65124064101111001072074816
~6020260210
~63ĸ
:61:2602100210D66,96N152NONREF//5410501200296506
152 0
:86:020~00152
~20FV
~21ĸ
~22ĸ
~23ĸ
~24ĸ
~25ĸ
~3024900005
~310000453062124541
~32CNM-KMD ALARM-SERWIS DARIUS
~33Z KONECKI
~38PL79249000050000453062124541
~60ĸ
~63ĸ
:61:2602100210D604,20N152NONREF//5410507700203339
152 0
:86:020~00152
~20FVS/
~21ĸ
~22ĸ
~23ĸ
~24ĸ
~25ĸ
~3010201169
~310000810200096164
~32WINDA-WARSZAWA SP. Z O.O. W
~33ARSZAWA UL. SUROWIECKIEGO 1
~38PL59102011690000810200096164
~60ĸ
~63ĸ
:61:2602100210C13658,21NU12NONREF//5410593260004708
U12 0
:86:020~00U12
~20zaliczka A, B, ķwiadczenia,
~21        odpady komunalne za
~22 m-c luty       2026
~23ĸ
~24ĸ
~25ĸ
~3010301508
~310000000550876078
~32ZAKĢ. GOSP. NIERUCHOM. DZ.
~33MOKOTÓW UL.IRYSOWA 19
~38PL91103015080000000550876078
~6020260210
~63ĸ
:61:2602100210D62197,40N152NONREF//5410501000328373
152 0
:86:020~00152
~20FV
~21ĸ
~22ĸ
~23ĸ
~24ĸ
~25ĸ
~3019401210
~319703517300179385
~32VEOLIA ENERGIA WARSZAWA S.A
~33.
~38PL04194012109703517300179385
~60ĸ
~63ĸ
:61:2602100210C919,20NU12NONREF//5410594020002688
U12 0
:86:020~00U12
~20Czynsz za luty 2026 Al.
~21        Niepodlegģoķci 103/
~2213 Katarzyna    Helon
~23ĸ
~24ĸ
~25ĸ
~3010501546
~311000009137720984
~32HELON-GODLEĶ KATARZYNA ANNA
~33 ŊWIRKI I WIGURY 46
~38PL42105015461000009137720984
~6020260210
~63ĸ
:61:2602100210C800,00NU13NONREF//5410599850030558
U13 0
:86:020~00U13
~20KOMORNE
~21ĸ
~22ĸ
~23ĸ
~24ĸ
~25ĸ
~3010204900
~310000820234343657
~32ROBERT WALDEMAR KAMIŅSKI 02
~33-626 WARSZAWA AL. NIEPODLEG
~38PL04102049000000820234343657
~60ĸ
~63ĸ
:61:2602100210C455,00NU12NONREF//5410590680009503
U12 0
:86:020~00U12
~20CZYNSZ MIESZK NIEPODLEGĢOSC
~21I 103/48U.PIETRZAK
~22ĸ
~23ĸ
~24ĸ
~25ĸ
~3011402004
~310000340261751328
~32URSZULA PIETRZAK 32-003 POD
~33ĢĘŊE K. KRAKOWA PODĢĘŊE 207
~38PL40114020040000340261751328
~6020260210
~63ĸ
:61:2602110211D500,00N310NONREF//5420201200017846
310 0
:86:020~00310
~20OPĢ.WYS.MONITU
~21ĸ
~22ĸ
~23ĸ
~24ĸ
~25ĸ
~30ĸ
~31ĸ
~32ĸ
~33ĸ
~38ĸ
~60ĸ
~63ĸ
:61:2602110211C672,10NU12NONREF//5420595400005090
U12 0
:86:020~00U12
~20Opģata ekspl.,frem.,luty 26
~21r.      Wyszkowski Mirosģaw
~22, Aleje         Niepodlegģo
~23ķci 103m.9,02626Wwa
~24ĸ
~25ĸ
~3010501012
~311000009206933005
~32WYSZKOWSKA URSZULA JUSTYNA
~33RYNEK 12/3 05-140 SEROCK
~38PL33105010121000009206933005
~6020260210
~63ĸ
:61:2602110211C20,00NG04NONREF//5420591130002433
G04 0
:86:020~00G04
~20OPĢATA EKSPLOATACYJNA ZA M-
~21        C 02 2026 W TYM FUN
~22DUSZ REM        ONTOWY
~23                        Wpģ
~24ata w UP nr:991037260210SP#
~25P0886
~3013200019
~310099041520000398
~32GOĢEBIEWSKKA ELZBIETA 02-62
~33 6 WARSZAWA ALEJA NIEPODLEG
~38PL59132000190099041520000398
~6020260210
~63ĸ
:61:2602120212C1025,31NU12NONREF//5430597940004022
U12 0
:86:020~00U12
~20Aleja Niepodlegģoķci 103 Cz
~21ynsz za lokal nr. 38
~22ĸ
~23ĸ
~24ĸ
~25ĸ
~3020300045
~311130000011593490
~32PRZYWARTY ROMAN SZCZEPAN EW
~33Y DEMARCZYK 6 99-300 KUTNO
~38PL93203000451130000011593490
~6020260212
~63ĸ
:61:2602120212D383,74N152NONREF//5430506400096471
152 0
:86:020~00152
~20FV
~21ĸ
~22ĸ
~23ĸ
~24ĸ
~25ĸ
~3012406960
~311701082000005197
~32E.ON POLSKA S.A. 00-347 WAR
~33SZAWA UL. WYBRZEŊE KOĶCIUSZ
~38PL58124069601701082000005197
~60ĸ
~63ĸ
:61:2602120212D645,45N152NONREF//5430507600104459
152 0
:86:020~00152
~20FV
~21ĸ
~22ĸ
~23ĸ
~24ĸ
~25ĸ
~3012406960
~311701082000005196
~32E.ON POLSKA S.A. 00-347 WAR
~33SZAWA UL. WYBRZEŊE KOĶCIUSZ
~38PL85124069601701082000005196
~60ĸ
~63ĸ
:61:2602120212C765,88NU12NONREF//5430596670002396
U12 0
:86:020~00U12
~20Mirosģaw Kucia opģata za mi
~21eszkanie
~22ĸ
~23ĸ
~24ĸ
~25ĸ
~3011602202
~310000000055225305
~32KUCIA MIROSĢAW 02-626 WARSZ
~33AWA AL NIEPODLEGĢOĶCI 103M4
~38PL66116022020000000055225305
~6020260212
~63ĸ
:61:2602120212C1890,00NG04NONREF//5430596670002395
G04 0
:86:020~00G04
~20LUTY I MARZEC 2026
~21ĸ
~22ĸ
~23                        Wpģ
~24ata w UP nr:991091260211ROA
~25P1432
~3013200019
~310099041520000398
~32RAJTCZAK RYSZARD 02-567 WAR
~33 SZAWA SANDOMIERSKA 21 3
~38PL59132000190099041520000398
~6020260211
~63ĸ
:61:2602120212C832,66NU13NONREF//5430500900315520
U13 0
:86:020~00U13
~20OPĢATY EKSPLOATACYJNE AL. N
~21IEPODLEGĢOĶCI 103/31
~22ĸ
~23ĸ
~24ĸ
~25ĸ
~3010201013
~310000030200537548
~32MAĢGORZATA WODZICKA 02-626
~33WARSZAWA UL. AL. NIEPODLEGĢ
~38PL20102010130000030200537548
~60ĸ
~63ĸ
:61:2602130213C1207,96NU12NONREF//5440591060001608
U12 0
:86:020~00U12
~20Czynsz za lokal Aleja Niepo
~21dlegģoķci 103 lok. 63
~22ĸ
~23ĸ
~24ĸ
~25ĸ
~3024900005
~310000400035476642
~32Piotr Wychowaņski Zaolziaņs
~33ka 5/42, 02-781 Warszawa
~38PL80249000050000400035476642
~6020260213
~63ĸ
:61:2602150215C801,20NU13NONREF//5460593220000596
U13 0
:86:020~00U13
~20ZALICZKA MIESIĘCZNA LILIANA
~21        BROCHOCKA AL.NIEPOD
~22LEGĢOĶCI 103 M. 50
~23ĸ
~24ĸ
~25ĸ
~3010201013
~310000000201020999
~32LILIANA BROCHOCKA 02-790 WA
~33RSZAWA UL. PACHNĄCA 81 M.2
~38PL28102010130000000201020999
~60ĸ
~63ĸ
:61:2602160216D881,29N020NONREF//5482393030019580
020 0
:86:020~00020
~20KAPITAĢ: 0,00
~21        ODSETKI: 881,29
~22                ODSETKI SKA
~23PIT.: 0,00              ODS
~24ETKI KARNE: 0,00
~25ĸ
~3010201026
~310000149600863456
~32ĸ
~33ĸ
~38PL78102010260000149600863456
~60ĸ
~63ĸ
:61:2602160216D4694,73N020NONREF//5482393030019580
020 0
:86:020~00020
~20KAPITAĢ: 4694,73
~21        ODSETKI: 0,00
~22                ODSETKI SKA
~23PIT.: 0,00              ODS
~24ETKI KARNE: 0,00
~25ĸ
~3010201026
~310000149600863456
~32ĸ
~33ĸ
~38PL78102010260000149600863456
~60ĸ
~63ĸ
:61:2602170217C544,88NU12NONREF//5480598390003198
U12 0
:86:020~00U12
~20Czynsz al. Niepodlegģoķci 1
~2103 m. 15
~22ĸ
~23ĸ
~24ĸ
~25ĸ
~3011602202
~310000000144699078
~32BĢAŊEJEWSKA KRYSTYNA 02-679
~33 WARSZAWA AL NIEPODLEGĢOĶCI
~38PL82116022020000000144699078
~6020260217
~63ĸ
:61:2602170217C924,20NU12NONREF//5480598390003199
U12 0
:86:020~00U12
~20Opģaty eksploatacyjne za m-
~21c luty 2026, w tym fundusz
~22remontowy
~23ĸ
~24ĸ
~25ĸ
~3014700002
~312002961330000001
~32BURKACKA RENATA 02-626 WARS
~33ZAWA AL NIEPODLEGĢOĶCI. 103
~38PL62147000022002961330000001
~6020260216
~63ĸ
:61:2602170217D671,16N152NONREF//5480502900111397
152 0
:86:020~00152
~20FV NR6/01
~21ĸ
~22ĸ
~23ĸ
~24ĸ
~25ĸ
~3010201169
~310000810208458541
~32INSTALATOR PIOTR ZĄBIK ,02-
~33785 WARSZAWA UL. WAWRZYŅCA
~38PL64102011690000810208458541
~60ĸ
~63ĸ
:61:2602170217C1031,22NG04NONREF//5480593500001900
G04 0
:86:020~00G04
~20OPĢ EKSPL W TYM FUN REM 164
~21        ZĢ58GR ZA MC LUTY 2
~22026R
~23                        Wpģ
~24ata w UP nr:991037260216PVA
~25P2468
~3013200019
~310099041520000398
~32RADOSĢAW NAWROCKI 02-626 WA
~33 RSZAWA ALEJA NIEPODLEGĢOĶC
~38PL59132000190099041520000398
~6020260216
~63ĸ
:61:2602180218D2960,88N500NONREF//5490592750002747
500 0
:86:020~00500
~20FV ZARZĄDZANIE
~21ĸ
~22ĸ
~23ĸ
~24ĸ
~25ĸ
~3024900005
~310000452014090460
~32INTER-EJ S.C. JOLANTA GONTA
~33REK, ELŊBIETA LASKOWSKA
~38PL47249000050000452014090460
~60ĸ
~63ĸ
:61:2602180218D1,10N775NONREF//5490592750002747
775 0
:86:020~00775
~20OPĢ.R.ZL.ST.ZW
~21ĸ
~22ĸ
~23ĸ
~24ĸ
~25ĸ
~30ĸ
~31ĸ
~32ĸ
~33ĸ
~38ĸ
~60ĸ
~63ĸ
:61:2602180218C850,00NU12NONREF//5490594810002812
U12 0
:86:020~00U12
~20czynsz
~21ĸ
~22ĸ
~23ĸ
~24ĸ
~25ĸ
~3010501025
~311000009082938003
~32GRZEGORZ PASKUDZKI ADVISORY
~33 KWIATU PAPROCI 2/1
~38PL69105010251000009082938003
~6020260217
~63ĸ
:61:2602180218C151,01NU12NONREF//5490594810002813
U12 0
:86:020~00U12
~20ZA NIEPODLEGĢOĶCI 103 LOK.
~2140 , DOPĢATA ZA ROZLICZENIE
~22 WODY I CO ZA ROK 2025
~23ĸ
~24ĸ
~25ĸ
~3011402004
~310000330232034064
~32LILIANA TRZPIL 02-594 WARSZ
~33AWA UL.GIORDANA BRUNA 28 M.
~38PL78114020040000330232034064
~6020260217
~63ĸ
:61:2602190219D993,91N152NONREF//5500505200027815
152 0
:86:020~00152
~20PRZELEW
~21ĸ
~22ĸ
~23ĸ
~24ĸ
~25ĸ
~3011402004
~310000300233772378
~32INTERNET SOLUTIONS BARTĢOMI
~33EJ DUCAL WARSZAWA AL.WILANO
~38PL12114020040000300233772378
~60ĸ
~63ĸ
:61:2602230223C531,00NG04NONREF//5540595970002508
G04 0
:86:020~00G04
~20CZYNSZ ZA LUTY I FUN REM
~21ĸ
~22ĸ
~23                        Wpģ
~24ata w UP nr:991037260220RYB
~25P2205
~3013200019
~310099041520000398
~32ELŊBIETA GODLEWSKA 02-626 W
~33 ARSZAWA ALEJA NIEPODLEGĢOĶ
~38PL59132000190099041520000398
~6020260220
~63ĸ
:61:2602230223C689,84NG04NONREF//5540595970002509
G04 0
:86:020~00G04
~20OPĢATA EKSPLOATACYJNA ZA MC
~21        LUTY W TYM FUN REM
~22145ZĢ
~23                        Wpģ
~24ata w UP nr:991037260220PVA
~25P4370
~3013200019
~310099041520000398
~32ĢODYGA ZOFIA 02-626 WARSZAW
~33 A ALEJA NIEPODLEGĢOĶCI 103
~38PL59132000190099041520000398
~6020260220
~63ĸ
:61:2602240224D94,30N152NONREF//5550503800101513
152 0
:86:020~00152
~20DZIERŊAWA
~21ĸ
~22ĸ
~23ĸ
~24ĸ
~25ĸ
~3010301508
~310000000550023008
~32UZĄD MIASTA WARSZAWY URZĄD
~33DZIELNICY MOKOTÓW
~38PL40103015080000000550023008
~60ĸ
~63ĸ
:61:2602240224C411,00NU12NONREF//5550597360002457
U12 0
:86:020~00U12
~20identyfikator lokalu 44/57/
~211 czynszza lokal. Al. Niepo
~22dlegģoķci 103 l ok. 57 .Jar
~23osģaw Strzaģkowski
~24ĸ
~25ĸ
~3011602202
~310000000195788881
~32STRZAĢKOWSKA AGNIESZKA 02-6
~3346 WARSZAWA UL JOLIOT-CURIE
~38PL82116022020000000195788881
~6020260224
~63ĸ
:61:2602250225C713,28NU13NONREF//5560508400130544
U13 0
:86:020~00U13
~20WSPÓLNOTA MIESZKANIOWA,ŊELA
~21ĶKIEWICZAGNIESZKA,ALEJANIEP
~22ODLEGĢOĶCI      103LOK. 37,
~23 02-626WARSZAWA
~24ĸ
~25ĸ
~3010201169
~310000810208423776
~32ANDREI DASHKEVICH 02-626 WA
~33RSZAWA AL. NIEPODLEGĢOĶCI 1
~38PL50102011690000810208423776
~60ĸ
~63ĸ
:61:2602250225C1245,32NU13NONREF//5560508400130860
U13 0
:86:020~00U13
~20WSPÓLNOTA MIESZKANIOWA,ŊELA
~21ĶKIEWICZAGNIESZKA,ALEJANIEP
~22ODLEGĢOĶCI      103LOK. 37,
~23 02-626WARSZAWA
~24ĸ
~25ĸ
~3010201169
~310000810208423776
~32ANDREI DASHKEVICH 02-626 WA
~33RSZAWA AL. NIEPODLEGĢOĶCI 1
~38PL50102011690000810208423776
~60ĸ
~63ĸ
:61:2602250225C622,82NU13NONREF//5560503300012784
U13 0
:86:020~00U13
~20AL. NIEPODLEGĢOĶCI 103 M. 2
~211, LUTY 2026
~22ĸ
~23ĸ
~24ĸ
~25ĸ
~3014401299
~310000000007213778
~32PIOTR NOWACKI 02-495 WARSZA
~33WA UL. KOLOROWA 9 M.27
~38PL21144012990000000007213778
~60ĸ
~63ĸ
:61:2602260226D1900,00N152NONREF//5570504100117937
152 0
:86:020~00152
~20FV 05/02/2026
~21ĸ
~22ĸ
~23ĸ
~24ĸ
~25ĸ
~3011402004
~310000300282831298
~32DOMLUX
~33ĸ
~38PL44114020040000300282831298
~60ĸ
~63ĸ
:61:2602270227D3977,88N500NONREF//5580596200005751
500 0
:86:020~00500
~20ODPADY
~21ĸ
~22ĸ
~23ĸ
~24ĸ
~25ĸ
~3010301999
~317702240100067736
~32UMS ODPADY
~33ĸ
~38PL62103019997702240100067736
~60ĸ
~63ĸ
:61:2602270227D1,10N775NONREF//5580596200005751
775 0
:86:020~00775
~20OPĢ.R.ZL.ST.ZW
~21ĸ
~22ĸ
~23ĸ
~24ĸ
~25ĸ
~30ĸ
~31ĸ
~32ĸ
~33ĸ
~38ĸ
~60ĸ
~63ĸ
:61:2602270227C505,00NU12NONREF//5580599420008814
U12 0
:86:020~00U12
~20CZYNSZ AL.NIEPODLEGĢOĶCI 10
~213/25
~22ĸ
~23ĸ
~24ĸ
~25ĸ
~3011402004
~310000310276429324
~32WALDEMAR FURTAK 05-530 CZAC
~33HÓWEK UL.BRZOZOWA 7A
~38PL56114020040000310276429324
~6020260226
~63ĸ
:61:2602270227C710,00NU13NONREF//5580506700146970
U13 0
:86:020~00U13
~20ROZLICZENIE WODY NA 31.01.2
~21026
~22ĸ
~23ĸ
~24ĸ
~25ĸ
~3010201013
~310000010200736520
~32JADWIGA ELŊBIETA CHABROS 02
~33-626 WARSZAWA AL. NIEPODLEG
~38PL51102010130000010200736520
~60ĸ
~63ĸ
:61:2602270227C790,00NU13NONREF//5580500200261251
U13 0
:86:020~00U13
~20OPLATA PUCHALSKA NIEPODLEGO
~21LOSCI 103/52
~22ĸ
~23ĸ
~24ĸ
~25ĸ
~3010201332
~310000140209248339
~32NATALIA KATARZYNA SOBCZAK 0
~335-870 STARE FASZCZYCE WS. S
~38PL77102013320000140209248339
~60ĸ
~63ĸ
:61:2602280227D28,00N188NONREF//5590290940013993
188 0
:86:020~00188
~20OPĢATA ZA PROWADZENIE RACHU
~21NKU
~22ĸ
~23ĸ
~24ĸ
~25ĸ
~30ĸ
~31ĸ
~32ĸ
~33ĸ
~38ĸ
~60ĸ
~63ĸ
:62F:C260228PLN65854,48
:64:C260228PLN65854,48
-
