:20:MT940
:25:/PL49102010260000120201852748
:28C:1
:60F:C260102PLN164406,39
:61:2601010101C431,14NU13NONREF//5010594470002223
U13 0
:86:020~00U13
~20110212300 BIELAWSKI WĢADYSĢ
~21AW, AL. LOTNIKÓW 20 M.100,
~2202-668 WARSZAWA
~23ĸ
~24ĸ
~25ĸ
~3010201127
~310000110201435817
~32EWA SZYMCZYK 04-113 WARSZAW
~33A UL. ĢUKOWSKA 3 M.122
~38PL07102011270000110201435817
~60ĸ
~63ĸ
:61:2601020102C651,95NU13NONREF//5020595600003014
U13 0
:86:020~00U13
~20OPĢATA EKSPLOATACYJNA M-C 0
~211/2026 WTYM FUNDUSZ REMONTO
~22WY 110,05 ZĢ
~23ĸ
~24ĸ
~25ĸ
~3010201013
~310000090200850586
~32KRYSTYNA STEPANIAK 02-668 W
~33ARSZAWA AL. LOTNIKÓW 20 M.1
~38PL08102010130000090200850586
~60ĸ
~63ĸ
:61:2601020102C860,00NU12NONREF//5020599870008501
U12 0
:86:020~00U12
~20OPĢATA EKSPLOATACYJNA ZA LO
~21KAL 19
~22ĸ
~23ĸ
~24ĸ
~25ĸ
~3011402004
~310000350275138574
~32JOANNA MAZIARZ 02-668 WARSZ
~33AWA AL.LOTNIKÓW 20 M.19
~38PL92114020040000350275138574
~6020260102
~63ĸ
:61:2601020102C800,00NU12NONREF//5020599870008505
U12 0
:86:020~00U12
~20/OPF/X///// PBAVDNGZP6FW Ws
~21polnota nr 1 - Identyfikato
~22r lokalu 92
~23ĸ
~24ĸ
~25ĸ
~3010500086
~311000009031435986
~32AUTOPAY SPÓĢKA AKCYJNA UL.P
~33OWSTAŅCÓW WARSZAWY 6
~38PL68105000861000009031435986
~6020260102
~63ĸ
:61:2601020102C567,90NU12NONREF//5020599870008502
U12 0
:86:020~00U12
~20AL.LOTNIKÓW 20 M.2
~21ĸ
~22ĸ
~23ĸ
~24ĸ
~25ĸ
~3011402004
~310000340243053056
~32MICHAĢ WOJTKOWSKI 02-668 WA
~33RSZAWA AL.LOTNIKÓW 20 M.2
~38PL06114020040000340243053056
~6020260102
~63ĸ
:61:2601020102C532,82NU12NONREF//5020599870008503
U12 0
:86:020~00U12
~20Czynsz STYCZEŅ 2026, Al. Lo
~21tników 20, lok. 124
~22ĸ
~23ĸ
~24ĸ
~25ĸ
~3012402135
~311111001049697213
~32AGNIESZKA BARTNIKOWSKA AL L
~33OTNIKÓW 20 M. 124
~38PL78124021351111001049697213
~6020260101
~63ĸ
:61:2601020102C577,22NU12NONREF//5020599870008500
U12 0
:86:020~00U12
~20lokal numer: 111  Grzegorz
~21Pirch, s. Jana
~22ĸ
~23ĸ
~24ĸ
~25ĸ
~3011602202
~310000000307908997
~32PIRCH GRZEGORZ 83-400 KOĶCI
~33ERZYNA UL CHOJNICKA 42M1
~38PL74116022020000000307908997
~6020260102
~63ĸ
:61:2601020102C671,22NU12NONREF//5020599870008504
U12 0
:86:020~00U12
~20109
~21ĸ
~22ĸ
~23ĸ
~24ĸ
~25ĸ
~3012401112
~311111001124200194
~32JAN GIL AL. LOTNIKÓW 20/109
~33 WARSZAWA 02-668
~38PL29124011121111001124200194
~6020260102
~63ĸ
:61:2601020102C811,52NU13NONREF//5020507400291792
U13 0
:86:020~00U13
~20CZYNSZ ZA LOKAL-ALEJA LOTNI
~21KÓW     20/25 STYCZEŅ 2026
~22ĸ
~23ĸ
~24ĸ
~25ĸ
~3010201332
~310000160205915519
~32BERNARD KĢOPOTOWSKI 17-300
~33SIEMIATYCZE UL. ĶWIERKOWA 2
~38PL66102013320000160205915519
~60ĸ
~63ĸ
:61:2601030103C855,66NU13NONREF//5030501000047316
U13 0
:86:020~00U13
~20OPĢATA EKSPLOATACYJNA ZA M-
~21C STYCZEŅ 2026 W TYM FUND.
~22R EMONTOW.Y:133,98 I POM. G
~23OSPODARCZE 10 00 ZĢ
~24ĸ
~25ĸ
~3010201169
~310000820203026911
~32GUSTAW WYSOKIŅSKI 02-668 WA
~33RSZAWA UL. ALEJA LOTNIKÓW 2
~38PL03102011690000820203026911
~60ĸ
~63ĸ
:61:2601050105C749,99NU13NONREF//5050593570032516
U13 0
:86:020~00U13
~20AL. LOTNIKÓW 20/93, CZYNSZ
~21ĸ
~22ĸ
~23ĸ
~24ĸ
~25ĸ
~3010204580
~310000110202059046
~32KARINA GORZELAK-KRUCZYŅSKA
~33ĸ
~38PL98102045800000110202059046
~60ĸ
~63ĸ
:61:2601050105C1188,00NU12NONREF//5050597920008122
U12 0
:86:020~00U12
~20Al. Lotników 20m22 Czynsz 1
~21.2026
~22ĸ
~23ĸ
~24ĸ
~25ĸ
~3011602202
~310000000356107447
~32GERUS ALEKSANDRA 02-797 WAR
~33SZAWA UL KLIMCZAKA 5M69
~38PL35116022020000000356107447
~6020260104
~63ĸ
:61:2601050105C734,26NU12NONREF//5050597920008126
U12 0
:86:020~00U12
~20OPLATA EKSPLOATACYJNA I FUN
~21DUSZ REMONTOWY ZA MIESIĄC
~22styczeņ 2026 /  AL. LOTNIKÓ
~23W 20 m.5
~24ĸ
~25ĸ
~3024900005
~310000400453351367
~32JERZY CHOJNACKI ŊUROMINEK 9
~339, 06-522 ŊUROMINEK
~38PL70249000050000400453351367
~6020260104
~63ĸ
:61:2601050105C475,00NU12NONREF//5050597920008123
U12 0
:86:020~00U12
~20Dotyczy lokalu:
~21        Aleja Lotnikow 20 l
~22ok 94.          ID Lokalu 1
~23/94
~24ĸ
~25ĸ
~3010501025
~311000009129188919
~32KROGULEWSKI MARIUSZ WALDEMA
~33R RUE DE MUHLENBACH 62B
~38PL39105010251000009129188919
~6020260105
~63ĸ
:61:2601050105C120,00NU12NONREF//5050597920008127
U12 0
:86:020~00U12
~20Opģata za zsyp al.lotników
~2120 m57 02-668 Warszawa za r
~22ok 2026
~23ĸ
~24ĸ
~25ĸ
~3012406175
~311111001088457553
~32TOMASZ MAREK MESJASZ AL. LO
~33TNIKÓW 20 M. 57
~38PL92124061751111001088457553
~6020260104
~63ĸ
:61:2601050105C496,72NU12NONREF//5050597920008120
U12 0
:86:020~00U12
~20Czynsz
~21ĸ
~22ĸ
~23ĸ
~24ĸ
~25ĸ
~3012405918
~311111001026404423
~32MARZENA IWONA WNOROWSKA SON
~33ATY 5 M 86 02-744 WARSZAWA
~38PL88124059181111001026404423
~6020260102
~63ĸ
:61:2601050105C888,43NU12NONREF//5050597920008124
U12 0
:86:020~00U12
~2001. 2026  A. KRAĶNICKI
~21ĸ
~22ĸ
~23ĸ
~24ĸ
~25ĸ
~3011402004
~310000360269715418
~32ANDRZEJ KRAĶNICKI 02-668 WA
~33RSZAWA AL.LOTNIKÓW 20 M.10
~38PL56114020040000360269715418
~6020260102
~63ĸ
:61:2601050105C21,36NU12NONREF//5050597920008121
U12 0
:86:020~00U12
~20Izabella Karpiņska ul.al.lo
~21tników20m 120 , 02-668 wars
~22zawa
~23ĸ
~24ĸ
~25ĸ
~3010501025
~311000009093462894
~32KARPIŅSKA IZABELLA KATARZYN
~33A AL LOTNIKÓW 20 M 120
~38PL85105010251000009093462894
~6020260104
~63ĸ
:61:2601050105C785,20NU12NONREF//5050597920008125
U12 0
:86:020~00U12
~20Oplata za czynsz al. lotnik
~21ów 20/84
~22ĸ
~23ĸ
~24ĸ
~25ĸ
~3024900005
~310000400418826929
~32GRAŊYNA OLESIŅSKA AL LOTNIK
~33ÓW 20/84, 02-668 WARSZAWA
~38PL81249000050000400418826929
~6020260104
~63ĸ
:61:2601060106C974,20NU13NONREF//5060500200001908
U13 0
:86:020~00U13
~20CZYNSZ 1.2026, MIESZKANIE 4
~215
~22ĸ
~23ĸ
~24ĸ
~25ĸ
~3010204900
~310000800236894625
~32ALICJA ZAWRZYKRAJ 02-668 WA
~33RSZAWA AL. LOTNIKÓW 20 M.45
~38PL06102049000000800236894625
~60ĸ
~63ĸ
:61:2601070107C717,82NU12NONREF//5070596160005824
U12 0
:86:020~00U12
~20opģata za lokal przy Al. Lo
~21tników 20 m.98
~22ĸ
~23ĸ
~24ĸ
~25ĸ
~3012401037
~311111001066185522
~32ANNA KOTECKA-LUCIDARME UL.
~33DOMANIEWSKA WARSZAWA 02-672
~38PL47124010371111001066185522
~6020260107
~63ĸ
:61:2601070107C560,64NU12NONREF//5070596160005825
U12 0
:86:020~00U12
~20OPĢATA EKSPLOATACYJNA I F.
~21REMONTOWY AL. LOTNIKÓW 20/4
~220, XII.2025
~23ĸ
~24ĸ
~25ĸ
~3011402017
~310000430205782208
~32JUSTYNA DUMA 05-420 JÓZEFÓW
~33 K. OTWOCKA UL.SIENKIEWICZA
~38PL69114020170000430205782208
~6020260106
~63ĸ
:61:2601070107C700,86NU12NONREF//5070596160005826
U12 0
:86:020~00U12
~2001/26, Al. Lotników 20/113,
~21 02-668Warszawa
~22ĸ
~23ĸ
~24ĸ
~25ĸ
~3018701045
~312078126205680001
~32MAGDALENA RDEST 02-668 WARS
~33ZAWA al. LOTNIKÓW 20 m. 113
~38PL69187010452078126205680001
~6020260107
~63ĸ
:61:2601070107C626,98NU12NONREF//5070596160005823
U12 0
:86:020~00U12
~201/86 Krzysztof Powro?nik
~21ĸ
~22ĸ
~23ĸ
~24ĸ
~25ĸ
~3011602202
~310000000297979247
~32POWROŽNIK KRZYSZTOF 02-765
~33WARSZAWA UL BERGAMOTKI 1M52
~38PL77116022020000000297979247
~6020260105
~63ĸ
:61:2601070107C449,00NU12NONREF//5070596160005827
U12 0
:86:020~00U12
~20CZYNSZ ZA MIESZKANIE AL.LOT
~21NIKÓW 20LOK.12  ,   02-668
~22WARSZAWA
~23ĸ
~24ĸ
~25ĸ
~3092881011
~312601364830000010
~32Koza Maciej Cezary 99-423 B
~33ielawy Sobota, ul. Wojdówka
~38PL17928810112601364830000010
~6020260107
~63ĸ
:61:2601070107C768,20NU13NONREF//5070500300116617
U13 0
:86:020~00U13
~20ALEJA LOTNIKOW 20/18 ALICJA
~21 KRÓL
~22ĸ
~23ĸ
~24ĸ
~25ĸ
~3010201013
~310000050203108321
~32ALICJA KRÓL 14-400 PASĢĘK U
~33L. WIĶNIOWA 6
~38PL91102010130000050203108321
~60ĸ
~63ĸ
:61:2601070107C884,80NG04NONREF//5070591280004635
G04 0
:86:020~00G04
~20OPĢATA EKSP. ZA 01 2026 W T
~21        YM FUNDUSZ REMONTOW
~22Y 131.50        ZĢ
~23                        Wpģ
~24ata w UP nr:991938260105TIA
~25P1978
~3013200019
~310099041520000398
~32MARCIN SUCHCICKI 02-668 WAR
~33 SZAWA ALEJA LOTNIKÓW 20 11
~38PL59132000190099041520000398
~6020260105
~63ĸ
:61:2601070107C794,31NG04NONREF//5070591280004636
G04 0
:86:020~00G04
~20OPĢATA EKSPLOATACYJNA ZA M-
~21        C STYCZEŅ 2026R W T
~22YM FUNDU        SZ REMONTOW
~23Y 131.50                Wpģ
~24ata w UP nr:991938260105XX#
~25P0100
~3013200019
~310099041520000398
~32JADWIGA WIKTOR 02-668 WARSZ
~33 AWA ALEJA LOTNIKÓW 20 78
~38PL59132000190099041520000398
~6020260105
~63ĸ
:61:2601070107C800,00NG04NONREF//5070591280004637
G04 0
:86:020~00G04
~20CZYNSZ ZA 01 2026 R.
~21ĸ
~22ĸ
~23                        Wpģ
~24ata w UP nr:991938260105THA
~25P3687
~3013200019
~310099041520000398
~32BALDACHOWSKA JOLANTA 02-668
~33 WARSZAWA ALEJA LOTNIKÓW 20
~38PL59132000190099041520000398
~6020260105
~63ĸ
:61:2601070107C422,17NG04NONREF//5070591280004638
G04 0
:86:020~00G04
~20OPĢ. ZA MC 01 2026  IDENT.
~21        1 14
~22ĸ
~23                        Wpģ
~24ata w UP nr:991096260105NKA
~25P6158
~3013200019
~310099041520000398
~32PRZYBYLSKI KAROL 02-668 WAR
~33 SZAWA AL. LOTNIKÓW 20 14
~38PL59132000190099041520000398
~6020260105
~63ĸ
:61:2601070107C683,98NU12NONREF//5070597780001910
U12 0
:86:020~00U12
~20opģata eksploatacyjna za st
~21yczeņ 2026, Al.Lotników 20/
~22119, 02-668 Warszawa
~23ĸ
~24ĸ
~25ĸ
~3011602202
~310000000288992892
~32ZAGOŅCZYK PIOTR 02-372 WARS
~33ZAWA UL OPACZEWSKA 35M17
~38PL33116022020000000288992892
~6020260107
~63ĸ
:61:2601070107C513,47NU12NONREF//5070597780001909
U12 0
:86:020~00U12
~20CZYNSZ_STYCZEŅ_AL LOTNIKÓW
~2120,LOC121
~22ĸ
~23ĸ
~24ĸ
~25ĸ
~3011402004
~310000390285385793
~32VIKTORIA MARTICORENA 02-668
~33 WARSZAWA AL.LOTNIKÓW 20 M.
~38PL68114020040000390285385793
~6020260107
~63ĸ
:61:2601080108D64776,68N152NONREF//5080501000050066
152 0
:86:020~00152
~20FV
~21ĸ
~22ĸ
~23ĸ
~24ĸ
~25ĸ
~3019401210
~319703517300179457
~32VEOLIA ENERGIA WARSZAWA S.A
~33.
~38PL97194012109703517300179457
~60ĸ
~63ĸ
:61:2601080108D239,00N152NONREF//5080504000039604
152 0
:86:020~00152
~20FV
~21ĸ
~22ĸ
~23ĸ
~24ĸ
~25ĸ
~3011602202
~310000000082826306
~32TECH-HOME SKOCZYŅSKI ZBIGNI
~33EW 02-679 WARSZAWA UL. MODZ
~38PL80116022020000000082826306
~60ĸ
~63ĸ
:61:2601080108D452,22N152NONREF//5080502000039151
152 0
:86:020~00152
~20FV
~21ĸ
~22ĸ
~23ĸ
~24ĸ
~25ĸ
~3010201169
~310000810200096164
~32WINDA-WARSZAWA SP. Z O.O. W
~33ARSZAWA UL. SUROWIECKIEGO 1
~38PL59102011690000810200096164
~60ĸ
~63ĸ
:61:2601080108D4992,60N152NONREF//5080506000049535
152 0
:86:020~00152
~20FV
~21ĸ
~22ĸ
~23ĸ
~24ĸ
~25ĸ
~3010201185
~310000420204077335
~32ROB - BUD
~33ĸ
~38PL40102011850000420204077335
~60ĸ
~63ĸ
:61:2601080108D1231,87N152NONREF//5080504200059820
152 0
:86:020~00152
~20FV NR
~21ĸ
~22ĸ
~23ĸ
~24ĸ
~25ĸ
~3010201169
~310000810208458541
~32INSTALATOR PIOTR ZĄBIK ,02-
~33785 WARSZAWA UL. WAWRZYŅCA
~38PL64102011690000810208458541
~60ĸ
~63ĸ
:61:2601080108C812,00NU12NONREF//5080598170004531
U12 0
:86:020~00U12
~2001/2026. MARTA KOSSAKOWSKA,
~21 AL.LOTNIKÓW 20 M. 54 02-66
~228 WARSZAWA, IDENTYFIKATOR 1
~23/54
~24ĸ
~25ĸ
~3011402004
~310000350239269157
~32HANNA KOSSAKOWSKA 00-281 WA
~33RSZAWA UL.JEZUICKA 6/8 M.26
~38PL64114020040000350239269157
~6020260107
~63ĸ
:61:2601080108C600,00NU12NONREF//5080598170004532
U12 0
:86:020~00U12
~2026
~21ĸ
~22ĸ
~23ĸ
~24ĸ
~25ĸ
~3011402004
~310000370277575928
~32EWELINA DYĶKO 96-130 GĢUCHÓ
~33W UL.MIĢOCHNIEWICE 17
~38PL90114020040000370277575928
~6020260108
~63ĸ
:61:2601080108C635,48NU12NONREF//5080598170004529
U12 0
:86:020~00U12
~20ID. LOKALU 1/110 2025
~21ĸ
~22ĸ
~23ĸ
~24ĸ
~25ĸ
~3011402004
~310000350264953619
~32KAMIL ŊUĢNOWSKI 02-668 WARS
~33ZAWA UL.ALEJA LOTNIKÓW 20 M
~38PL41114020040000350264953619
~6020260108
~63ĸ
:61:2601080108C10,00NU12NONREF//5080598170004533
U12 0
:86:020~00U12
~20DUDAR MARZENA I SĢAWOMIR
~21        OPĢATA ZA NAJEM POM
~22IESZCZENIA      GOSPODARCZE
~23GO                      ALE
~24JA LOTNIKÓW 20
~25ĸ
~3019401076
~314705403800000000
~32Sģawomir Dudar Marzena Duda
~33r
~38PL42194010764705403800000000
~6020260108
~63ĸ
:61:2601080108C728,40NU12NONREF//5080598170004530
U12 0
:86:020~00U12
~20OPĢATA EKSPLOATACYJNA ZA 01
~21/2026, ID LOKALU 1/44; AL.
~22LOTNIKÓW 20 M 44
~23ĸ
~24ĸ
~25ĸ
~3011402004
~310000310211305108
~32EWA MAZURKIEWICZ KUNA 02-65
~333 WARSZAWA AL.NIEPODLEGĢOĶC
~38PL65114020040000310211305108
~6020260108
~63ĸ
:61:2601080108C582,00NU12NONREF//5080598170004534
U12 0
:86:020~00U12
~20Styczeņ 2026
~21ĸ
~22ĸ
~23ĸ
~24ĸ
~25ĸ
~3019401076
~314716248400000000
~32PRZEMYSĢAW KORGUL 02-796 WA
~33RSZAWA UL.WĄWOZOWA 35/10
~38PL42194010764716248400000000
~6020260108
~63ĸ
:61:2601080108C740,48N158NONREF//5081016000000080
158 0
:86:020~00158
~2001/26
~21        Monetia(938:4056333
~223 2026-01-05)
~23ĸ
~24ĸ
~25ĸ
~3010201026
~310000100202522126
~32 EWA MIODUSZEWSCY LOTNIKÓW
~3320/123WW A
~38PL07102010260000100202522126
~6020260108
~63ĸ
:61:2601080108C734,31NG04NONREF//5080595820003303
G04 0
:86:020~00G04
~2001.2026
~21ĸ
~22ĸ
~23                        Wpģ
~24ata w UP nr:991938260107TEA
~25P3538
~3013200019
~310099041520000398
~32GOTLIB KAZIMIERZ 02-668 WAR
~33 SZAWA ALEJA LOTNIKÓW 20 4
~38PL59132000190099041520000398
~6020260107
~63ĸ
:61:2601080108C34,27NG04NONREF//5080595820003302
G04 0
:86:020~00G04
~20EKSPLO 01.2026 W TYM F. REM
~21        . 2 ZSYPY I KORYTAR
~22Z
~23                        Wpģ
~24ata w UP nr:991938260107SE#
~25P0530
~3013200019
~310099041520000398
~32BARBARA KARASKIEWICZ 02-66
~338 WARSZAWA ALEJA LOTNIKÓW 2
~38PL59132000190099041520000398
~6020260107
~63ĸ
:61:2601080108C458,32NU12NONREF//5080596790002658
U12 0
:86:020~00U12
~20CZYNSZ ZA M-C 01/2026, DOT.
~21 AL. LOTNIKÓW 20 M. 122
~22ĸ
~23ĸ
~24ĸ
~25ĸ
~3011402004
~310000390277952577
~32JAN KACZMARCZYK 05-410 JÓZE
~33FÓW UL.WESTERPLATTE 14A
~38PL20114020040000390277952577
~6020260108
~63ĸ
:61:2601090109C29858,70NU12NONREF//5090596110008459
U12 0
:86:020~00U12
~20zaliczka A, B, ķwiadczenia,
~21        odpady komunalne za
~22 m-c styczeņ    2026
~23ĸ
~24ĸ
~25ĸ
~3010301508
~310000000550876078
~32ZAKĢ. GOSP. NIERUCHOM. DZ.
~33MOKOTÓW UL.IRYSOWA 19
~38PL91103015080000000550876078
~6020260109
~63ĸ
:61:2601090109C700,00NU12NONREF//5090596110008460
U12 0
:86:020~00U12
~20CZYNSZ AL. LOTNIKÓW 20/126
~21ĸ
~22ĸ
~23ĸ
~24ĸ
~25ĸ
~3013201537
~314284715530000001
~32SZABLEWSKI MICHAĢ AL. LOTNI
~33KÓW 20/126 02-668 WARSZAWA
~38PL19132015374284715530000001
~6020260109
~63ĸ
:61:2601090109C486,72NU12NONREF//5090596110008458
U12 0
:86:020~00U12
~20CZYNSZ, WSPÓLNOTA MIESZKANI
~21OWA AL.LOTNIKÓW 20 M.52
~22ĸ
~23ĸ
~24ĸ
~25ĸ
~3011402004
~310000340230735515
~32IWONA JASTAK-JUREC 6064 MAR
~33ANGAROO, AUSTRALIA HIGHCLER
~38PL92114020040000340230735515
~6020260108
~63ĸ
:61:2601090109C849,85NU12NONREF//5090594640005776
U12 0
:86:020~00U12
~20CZYNSZ ZA MIESIĄC STYCZEŅ 2
~21026, UL.ALEJA LOTNIKÓW 20 M
~22 59, ANNA RUCIŅ SKA
~23ĸ
~24ĸ
~25ĸ
~3011402017
~310000420201893086
~32ANNA RUCIŅSKA 02-668 WARSZA
~33WA AL.LOTNIKÓW 20 M.59
~38PL45114020170000420201893086
~6020260109
~63ĸ
:61:2601090109C405,02NU12NONREF//5090594640005777
U12 0
:86:020~00U12
~20Dodatki mieszkaniowe za m-c
~21 1/2026 W/g listy nr 90/202
~226
~23ĸ
~24ĸ
~25ĸ
~3010301508
~310000000550023016
~32URZĄD DZIELNICY MOKOTÓW UL.
~33RAKOWIECKA 25/27
~38PL18103015080000000550023016
~6020260109
~63ĸ
:61:2601090109C800,00NU13NONREF//5090500900289807
U13 0
:86:020~00U13
~20AL. LOTNIKÓW 20/82 CZYNSZ -
~21 STYCZEŅ, W TYM FUND. REM.
~2278PLN
~23ĸ
~24ĸ
~25ĸ
~3010201185
~310000440202427656
~32NORBERT JAKUB KAZIMIERSKI 0
~331-140 WARSZAWA UL. RABSZTYŅ
~38PL13102011850000440202427656
~60ĸ
~63ĸ
:61:2601100110C718,40NU13NONREF//5100506300029188
U13 0
:86:020~00U13
~20ID LOKALU 1/77
~21ĸ
~22ĸ
~23ĸ
~24ĸ
~25ĸ
~3010201866
~310000150200094573
~32KATARZYNA TERESA HIRSZ 83-3
~3330 ŊUKOWO UL. BRONIEWSKIEGO
~38PL98102018660000150200094573
~60ĸ
~63ĸ
:61:2601100110C622,12NU13NONREF//5100500200137156
U13 0
:86:020~00U13
~20GRAŊYNA I WIESĢAW GĢOWACCYA
~21L.LOTNIKÓW 20/63 02-668 WAR
~22SZAWA
~23ĸ
~24ĸ
~25ĸ
~3010201169
~310000810201089937
~32MARCIN GĢOWACKI 02-668 WARS
~33ZAWA AL. LOTNIKÓW 20 M.63
~38PL37102011690000810201089937
~60ĸ
~63ĸ
:61:2601110111C600,00NU13NONREF//5110504500075522
U13 0
:86:020~00U13
~20JAROSĢAW KUS ALEJA LOTNIKÓW
~21 20/51  02-668 WARSZAWA OPĢ
~22ATA ZA          MIESZKANIE
~23I FUNDUSZ REMONTOWY
~24ĸ
~25ĸ
~3010202498
~310000860200769737
~32JAROSĢAW KUĶ 02-676 WARSZAW
~33A UL. POSTĘPU 12C M.205
~38PL48102024980000860200769737
~60ĸ
~63ĸ
:61:2601120112C712,05NU13NONREF//5120506100002173
U13 0
:86:020~00U13
~20CZYNSZ
~21ĸ
~22ĸ
~23ĸ
~24ĸ
~25ĸ
~3010201013
~310000070200695072
~32TATIANA KOLENDA 02-668 WARS
~33ZAWA AL. LOTNIKÓW 20 M.48
~38PL74102010130000070200695072
~60ĸ
~63ĸ
:61:2601120112C40,00NU13NONREF//5120504900002223
U13 0
:86:020~00U13
~20DOROTA CHLEBOWSKA OPĢATA ZA
~21        POMIESZCZENIE GOSPO
~22DARCZE
~23ĸ
~24ĸ
~25ĸ
~3010201013
~310000070200695072
~32TATIANA KOLENDA 02-668 WARS
~33ZAWA AL. LOTNIKÓW 20 M.48
~38PL74102010130000070200695072
~60ĸ
~63ĸ
:61:2601120112C1115,42NU12NONREF//5120597540009840
U12 0
:86:020~00U12
~20czynsz, identyfikator lokal
~21u 1/108
~22ĸ
~23ĸ
~24ĸ
~25ĸ
~3010501432
~311000009249211922
~32KAWALEC JOLANTA BARBARA MIĢ
~33A 6 27-200 STARACHOWICE
~38PL73105014321000009249211922
~6020260110
~63ĸ
:61:2601120112C482,59NU12NONREF//5120597540009844
U12 0
:86:020~00U12
~20Czynsz za lokal ul. Aleja L
~21otników 20/76 za miesiąc St
~22yczeņ 2026
~23ĸ
~24ĸ
~25ĸ
~3020300045
~311130000016279890
~32SMYK ĢUKASZ FARFAK 43 21-40
~330 ĢUKÓW
~38PL10203000451130000016279890
~6020260112
~63ĸ
:61:2601120112C660,84NU12NONREF//5120597540009848
U12 0
:86:020~00U12
~20OPĢATA ZA CZYNSZ ZBIGNIEW K
~21ACPRZAK
~22ĸ
~23ĸ
~24ĸ
~25ĸ
~3012404100
~311111001078514116
~32ZBIGNIEW TADEUSZ KACPRZAK L
~33OTNIKÓW AL. WARSZAWA 02-668
~38PL54124041001111001078514116
~6020260112
~63ĸ
:61:2601120112C927,80NU12NONREF//5120597540009841
U12 0
:86:020~00U12
~20zapģata za czynsz styczeņ 2
~21026
~22ĸ
~23ĸ
~24ĸ
~25ĸ
~3024900005
~310000400072868181
~32Iwona Smoczkiewicz Ŋywnego
~33W. 23/77, 02-701 Warszawa
~38PL65249000050000400072868181
~6020260109
~63ĸ
:61:2601120112C626,87NU12NONREF//5120597540009845
U12 0
:86:020~00U12
~20Czynsz styczeņ 2026 Al. Lot
~21ników 20m. 42 Piotr i Franc
~22iszek Stachyra
~23ĸ
~24ĸ
~25ĸ
~3010501025
~311000009146107124
~32STACHYRA PIOTR NOWOURSYNOWS
~33KA 121C 02-797 WARSZAWA
~38PL31105010251000009146107124
~6020260112
~63ĸ
:61:2601120112C875,95NU12NONREF//5120597540009849
U12 0
:86:020~00U12
~20Monika Milewska, Czynsz Al.
~21 Lotników 20/99, DID 1964
~22ĸ
~23ĸ
~24ĸ
~25ĸ
~3011401010
~310000315510001004
~32STURENT GROUP PROSTA SPÓĢKA
~33 AKCYJNAUL. KRÓLOWEJ ALDONY
~38PL89114010100000315510001004
~6020260112
~63ĸ
:61:2601120112C764,18NU12NONREF//5120597540009842
U12 0
:86:020~00U12
~20OPĢATA ZA CZYNSZ INDEKS 102
~2112265
~22ĸ
~23ĸ
~24ĸ
~25ĸ
~3010300019
~310109851802959103
~32BANASZEWSKI STANISĢAW AL. L
~33OTNIKÓW 20 M. 65
~38PL92103000190109851802959103
~6020260112
~63ĸ
:61:2601120112C18,19NU12NONREF//5120597540009846
U12 0
:86:020~00U12
~20zsyp, korytarz
~21ĸ
~22ĸ
~23ĸ
~24ĸ
~25ĸ
~3024900005
~310000400067779202
~32ANDRZEJ EDMUND FEJFER Al. L
~33otników 20/87 02-668 Warsza
~38PL58249000050000400067779202
~6020260112
~63ĸ
:61:2601120112C200,00NU13NONREF//5120503100118989
U13 0
:86:020~00U13
~20SCHOWEK ALINA KUCHARSKA WAR
~21SZAWA   02-668 UL.AL. LOTNI
~22KOW 20 M 31     OPLATA ZA K
~23ORYTARZ I SCHOWEK 2026  ROK
~24ĸ
~25ĸ
~3010201169
~310000840201400803
~32ALINA LIDIA KUCHARSKA 02-66
~338 WARSZAWA AL. LOTNIKÓW 20
~38PL73102011690000840201400803
~60ĸ
~63ĸ
:61:2601120112C550,00NU12NONREF//5120597540009843
U12 0
:86:020~00U12
~20czynsz Al.Lotnikow 20 m 17
~21ChnackiWojciech
~22ĸ
~23ĸ
~24ĸ
~25ĸ
~3023400009
~310020404000001068
~32CHOJNACKI WOJCIECH JANUSZ L
~33ANCIEGO 9/M
~38PL81234000090020404000001068
~6020260112
~63ĸ
:61:2601120112C467,94NU12NONREF//5120597540009847
U12 0
:86:020~00U12
~20czynsz I/2026  Wanda Pszczo
~21ģa Kiljaņska al.Lotników 20
~22 m 11
~23ĸ
~24ĸ
~25ĸ
~3012406250
~311111000045930632
~32JOANNA KACPRZAK UL. MOZARTA
~33 3/1016 02-736 WARSZAWA
~38PL45124062501111000045930632
~6020260111
~63ĸ
:61:2601120112C100,00NT53NONREF//5120500300178949
T53 0
:86:020~00T53
~20OPLATA EKSPLOATACYJNA ZA MC
~21 STYCZEN 2026 R. KORYTARZ P
~22LUS ZSYPY
~23ĸ
~24ĸ
~25ĸ
~3013200051
~310099041520000409
~32JOLANTA DAWICKA BADALSKA
~33ĸ
~38PL29132000510099041520000409
~6020260112
~63ĸ
:61:2601120112C850,00NU13NONREF//5120502700140242
U13 0
:86:020~00U13
~20LOKAL AL. LOTNIKÓW 20 M. 13
~21, 02-668WARSZAWA; OPĢATA EK
~22SPLOATACYJNA ZA MIESIĄC: ST
~23YCZEŅ 2026
~24ĸ
~25ĸ
~3010203219
~310000950200563452
~32MAĢGORZATA KNYĶ-OLBORSKA 24
~33-100 PUĢAWY UL. POLNA 19 M.
~38PL44102032190000950200563452
~60ĸ
~63ĸ
:61:2601120112D3500,00N152NONREF//5120505900153507
152 0
:86:020~00152
~20FV 010/12/2025
~21ĸ
~22ĸ
~23ĸ
~24ĸ
~25ĸ
~3010901883
~310000000148667823
~32ROS CLEAN
~33ĸ
~38PL21109018830000000148667823
~60ĸ
~63ĸ
:61:2601120112D10732,19N152NONREF//5120501100203619
152 0
:86:020~00152
~20FV 191257/166
~21ĸ
~22ĸ
~23ĸ
~24ĸ
~25ĸ
~3010201055
~312003191257000000
~32MIEJSKIE PRZEDSIĘBIORSTWO W
~33ODOCIĄGÓW I KANALIZACJI S.A
~38PL26102010552003191257000000
~60ĸ
~63ĸ
:61:2601120112C920,00NG04NONREF//5120596340003007
G04 0
:86:020~00G04
~20CZYNSZ STYCZEN 2026 R.
~21ĸ
~22ĸ
~23                        Wpģ
~24ata w UP nr:991938260109XX#
~25P2734
~3013200019
~310099041520000398
~32IWONA GROMEK 02-668 WARSZAW
~33 A ALEJA LOTNIKÓW 20 81
~38PL59132000190099041520000398
~6020260109
~63ĸ
:61:2601120112C613,70NU12NONREF//5120596340003008
U12 0
:86:020~00U12
~20opģaty mieszkaniowe za styc
~21zeņ 2026Lotników 20/95
~22ĸ
~23ĸ
~24ĸ
~25ĸ
~3020300045
~311130000014318940
~32MIKOĢAJEWSKA BEATA ELŊBIETA
~33 SOLIPSKA 33/63
~38PL53203000451130000014318940
~6020260112
~63ĸ
:61:2601120112C560,00NU12NONREF//5120596340003009
U12 0
:86:020~00U12
~20Krogulec Mariusz Al.Lotnikó
~21w 20/43 02-668 Warszawa, Id
~22entyfikator 1/43
~23ĸ
~24ĸ
~25ĸ
~3012405950
~311111001035137851
~32MARIUSZ KROGULEC AL. LOTNIK
~33ÓW 20 M 43 02-668 WARSZAWA
~38PL46124059501111001035137851
~6020260112
~63ĸ
:61:2601120112C687,88NU12NONREF//5120596340003010
U12 0
:86:020~00U12
~20Opģata eksploatacyjna za m-
~21c styczeņ w tym fundusz rem
~22ontowy
~23ĸ
~24ĸ
~25ĸ
~3012406058
~311111000047603583
~32ZUZANNA JULIA KACZYŅSKA AL.
~33 LOTNIKÓW 20 M 107
~38PL17124060581111000047603583
~6020260112
~63ĸ
:61:2601130113D168,26N152NONREF//5130507400026567
152 0
:86:020~00152
~20DZIERŊAWA
~21ĸ
~22ĸ
~23ĸ
~24ĸ
~25ĸ
~3010301508
~310000000550023008
~32URZĄD M.ST WARSZAWY DZ. MOK
~33OTÓW WARSZAWA UL. RAKOWIECK
~38PL40103015080000000550023008
~60ĸ
~63ĸ
:61:2601130113C1056,02NU12NONREF//5130593940003640
U12 0
:86:020~00U12
~20OPĢATA EKSPLOATACYJNA ORAZ
~21FUNDUSZ REMONTOWY 01.2026
~22ĸ
~23ĸ
~24ĸ
~25ĸ
~3011402004
~310000330203364570
~32MARCIN WASILEWSKI 02-679 WA
~33RSZAWA UL.ZYGMUNTA MODZELEW
~38PL23114020040000330203364570
~6020260112
~63ĸ
:61:2601130113C10,00NU12NONREF//5130593940003638
U12 0
:86:020~00U12
~20Górecka Anna AL LOTNIKÓW 20
~21 M 66 OPĢATA EKSPLOATACYJNA
~22ĸ
~23ĸ
~24ĸ
~25ĸ
~3010901694
~310000000123704099
~32AGNIESZKA R BOGACZ AL. LOTN
~33IKÓW 20/66 02-668 WARSZAWA
~38PL36109016940000000123704099
~6020260112
~63ĸ
:61:2601130113C666,72NU12NONREF//5130593940003639
U12 0
:86:020~00U12
~20FUNDUSZ REMONTOWY
~21ĸ
~22ĸ
~23ĸ
~24ĸ
~25ĸ
~3011602202
~310000000011844921
~32WIATR MAGDALENA 03-982 WARS
~33ZAWA UL BARTOSIKA S. 10M48
~38PL90116022020000000011844921
~6020260112
~63ĸ
:61:2601130113D732,94N152NONREF//5130502800028324
152 0
:86:020~00152
~20FV
~21ĸ
~22ĸ
~23ĸ
~24ĸ
~25ĸ
~3012406960
~311701082000038768
~32E.ON POLSKA S.A. 00-347 WAR
~33SZAWA UL. WYBRZEŊE KOĶCIUSZ
~38PL09124069601701082000038768
~60ĸ
~63ĸ
:61:2601130113D453,73N152NONREF//5130504200032069
152 0
:86:020~00152
~20FV
~21ĸ
~22ĸ
~23ĸ
~24ĸ
~25ĸ
~3012406960
~311701082000038767
~32E.ON POLSKA S.A. 00-347 WAR
~33SZAWA UL. WYBRZEŊE KOĶCIUSZ
~38PL36124069601701082000038767
~60ĸ
~63ĸ
:61:2601130113D453,73N152NONREF//5130506600030442
152 0
:86:020~00152
~20FV
~21ĸ
~22ĸ
~23ĸ
~24ĸ
~25ĸ
~3012406960
~311701082000038766
~32E.ON POLSKA S.A. 00-347 WAR
~33SZAWA UL. WYBRZEŊE KOĶCIUSZ
~38PL63124069601701082000038766
~60ĸ
~63ĸ
:61:2601130113D1208,39N152NONREF//5130503400035038
152 0
:86:020~00152
~20FV
~21ĸ
~22ĸ
~23ĸ
~24ĸ
~25ĸ
~3010201169
~310000810200096164
~32WINDA-WARSZAWA SP. Z O.O. W
~33ARSZAWA UL. SUROWIECKIEGO 1
~38PL59102011690000810200096164
~60ĸ
~63ĸ
:61:2601140114D6700,00N500NONREF//5140597620003559
500 0
:86:020~00500
~20PRZELEW ĶRODKÓW
~21ĸ
~22ĸ
~23ĸ
~24ĸ
~25ĸ
~3010201026
~310000160201852755
~32AL. LOTNIKÓW 20
~33ĸ
~38PL97102010260000160201852755
~60ĸ
~63ĸ
:61:2601140114D1,10N763NONREF//5140597620003559
763 0
:86:020~00763
~20OPĢ.R.ZL.ST.WE
~21ĸ
~22ĸ
~23ĸ
~24ĸ
~25ĸ
~30ĸ
~31ĸ
~32ĸ
~33ĸ
~38ĸ
~60ĸ
~63ĸ
:61:2601140114D129,00N152NONREF//5140502200024827
152 0
:86:020~00152
~20FV
~21ĸ
~22ĸ
~23ĸ
~24ĸ
~25ĸ
~3011602202
~310000000082826306
~32TECH-HOME SKOCZYŅSKI ZBIGNI
~33EW 02-679 WARSZAWA UL. MODZ
~38PL80116022020000000082826306
~60ĸ
~63ĸ
:61:2601140114C982,52NU12NONREF//5140596280003324
U12 0
:86:020~00U12
~20Dot. lokalu Al. Lotników 20
~21 m 75 koszty utrzymania nie
~22ruchomoķci wspólnej + zalic
~23zka na poczet zuŋycia medió
~24w
~25ĸ
~3010901056
~310000000119487340
~32WOJCIECH TARASIK UL. POKRĘT
~33NA 38 05 *500 NOWA IWICZNA
~38PL82109010560000000119487340
~6020260113
~63ĸ
:61:2601140114C1000,00NU12NONREF//5140596280003323
U12 0
:86:020~00U12
~20Opģata za czynsz i funduszr
~21emontowyMarcin Boækowski Al
~22.Lotników 20/28 Warszawa 02
~23-668
~24ĸ
~25ĸ
~3010501025
~311000009091886771
~32BOÆKOWSKA SYLWIA MAĢGORZATA
~33 AL..LOTNIKÓW 20/28
~38PL51105010251000009091886771
~6020260113
~63ĸ
:61:2601140114D240,05N152NONREF//5140502600108753
152 0
:86:020~00152
~20DZIERŊAWA
~21ĸ
~22ĸ
~23ĸ
~24ĸ
~25ĸ
~3010301508
~310000000550023008
~32URZĄD M.ST WARSZAWY DZ. MOK
~33OTÓW WARSZAWA UL. RAKOWIECK
~38PL40103015080000000550023008
~60ĸ
~63ĸ
:61:2601140114C589,75NG04NONREF//5140596650002449
G04 0
:86:020~00G04
~20OPLATA EKSPLOATACYJNA ZA MC
~21        STYCZEN 2026 R. W T
~22YM FUND         USZ REMONTO
~23WY 105 ZL I 60GR        Wpģ
~24ata w UP nr:991938260113XX#
~25P1046
~3013200019
~310099041520000398
~32KOSTRZYNSKA IRENA 02-668 WA
~33 RSZAWA ALEJA LOTNIKÓW 20 2
~38PL59132000190099041520000398
~6020260113
~63ĸ
:61:2601140114C610,00NU12NONREF//5140591300001465
U12 0
:86:020~00U12
~20CZYNSZ +  FUNDUSZ REMONTOWY
~21  110,- ZĢ  ZA 01/2026
~22ĸ
~23ĸ
~24ĸ
~25ĸ
~3012406410
~311111000045992962
~32ELŊBIETA MAZUROWSKA AL. LOT
~33NIKÓW 20 M 104 WARSZAWA 02-
~38PL62124064101111000045992962
~6020260114
~63ĸ
:61:2601140114C785,62NU12NONREF//5140591300001466
U12 0
:86:020~00U12
~20Czynsz za Styczeņ 2026r,  L
~21okal 60.
~22ĸ
~23ĸ
~24ĸ
~25ĸ
~3011602202
~310000000543475800
~32FRĄCKIEWCZ MARIA 02-668 WAR
~33SZAWA AL LOTNIKÓW 20M60
~38PL70116022020000000543475800
~6020260114
~63ĸ
:61:2601150115C784,48NU12NONREF//5150594260003712
U12 0
:86:020~00U12
~20Czynsz Paweģ Nowak Aleja Lo
~21tników 20/116
~22ĸ
~23ĸ
~24ĸ
~25ĸ
~3011602202
~310000000081793302
~32NOWAK PAWEĢ 02-495 WARSZAWA
~33 UL KOMPANII AK GOPLANA 9AM
~38PL02116022020000000081793302
~6020260115
~63ĸ
:61:2601150115C787,39N158NONREF//5151081100000089
158 0
:86:020~00158
~2001/26
~21        Monetia(938:4072285
~224 2026-01-13)
~23ĸ
~24ĸ
~25ĸ
~3010201026
~310000100202522126
~32ROMAN KASPROWICZ AL LOTNIKÓ
~33W 20/10 5WWA
~38PL07102010260000100202522126
~6020260115
~63ĸ
:61:2601190119D5063,90N500NONREF//5190591890012497
500 0
:86:020~00500
~20FV ZARZĄDZANIE
~21ĸ
~22ĸ
~23ĸ
~24ĸ
~25ĸ
~3024900005
~310000452014090460
~32INTER-EJ S.C. JOLANTA GONTA
~33REK, ELŊBIETA LASKOWSKA
~38PL47249000050000452014090460
~60ĸ
~63ĸ
:61:2601190119D1,10N775NONREF//5190591890012497
775 0
:86:020~00775
~20OPĢ.R.ZL.ST.ZW
~21ĸ
~22ĸ
~23ĸ
~24ĸ
~25ĸ
~30ĸ
~31ĸ
~32ĸ
~33ĸ
~38ĸ
~60ĸ
~63ĸ
:61:2601190119D939,60N152NONREF//5190501100015856
152 0
:86:020~00152
~20FV 0
~21ĸ
~22ĸ
~23ĸ
~24ĸ
~25ĸ
~3010201097
~310000790202780294
~32HYDRAL
~33ĸ
~38PL46102010970000790202780294
~60ĸ
~63ĸ
:61:2601190119C900,15NG04NONREF//5190593840053658
G04 0
:86:020~00G04
~20OPĢATA EKSPLOATACYJNA ZA MC
~21        STYCZEN 2026 R. W T
~22YM FUND         USZ REMONTO
~23WY 131 ZĢ I 50 G        Wpģ
~24ata w UP nr:991938260116XX#
~25P0458
~3013200019
~310099041520000398
~32KAMIL PIĄTKOWSKI 02-668 WAR
~33 SZAWA ALEJA LOTNIKÓW 20 90
~38PL59132000190099041520000398
~6020260116
~63ĸ
:61:2601200120C469,03N158NONREF//5201087100000073
158 0
:86:020~00158
~2001/26
~21        Monetia(938:4081958
~229 2026-01-16)
~23ĸ
~24ĸ
~25ĸ
~3010201026
~310000100202522126
~32ANNA MARIA NYCEK PROMIENNA
~3325 05-54 0 ZALESIE GÓRNE
~38PL07102010260000100202522126
~6020260120
~63ĸ
:61:2601200120C14,41NU12NONREF//5200592470001913
U12 0
:86:020~00U12
~20DOROTA DYLEWSKA UL.LOTNIKOW
~21 20 M 3 3 02-668 WARSZAWA O
~22PLATA EXSPLOATACYJNA ZA ZAB
~23UDOWE KLATKI SCHODOWEJ
~24ĸ
~25ĸ
~3024900005
~310000400076822777
~32Dorota DYLEWSKA Lotników 20
~33/33, 02-668 Warszawa
~38PL81249000050000400076822777
~6020260120
~63ĸ
:61:2601200120C395,29NU12NONREF//5200597640001256
U12 0
:86:020~00U12
~20I/26 OPLATA EKSPLOATACYJNA
~21- LOK. 115, AL. LOTNIKOW 20
~22, 02-668 WAWA
~23ĸ
~24ĸ
~25ĸ
~3011402004
~310000300275195535
~32JADWIGA NAGÓRNA 02-661 WARS
~33ZAWA UL.MODRA 3 M.20
~38PL02114020040000300275195535
~6020260120
~63ĸ
:61:2601200120C395,29NU12NONREF//5200597640001255
U12 0
:86:020~00U12
~20XII/25 OPLATA EKSPLOATACYJN
~21A LOK. 115, AL. LOTNIKOW 20
~22, 02-668 WAWA
~23ĸ
~24ĸ
~25ĸ
~3011402004
~310000300275195535
~32JADWIGA NAGÓRNA 02-661 WARS
~33ZAWA UL.MODRA 3 M.20
~38PL02114020040000300275195535
~6020260120
~63ĸ
:61:2601210121C32,00NU12NONREF//5210597830002878
U12 0
:86:020~00U12
~20Przelew ķrodków
~21ĸ
~22ĸ
~23ĸ
~24ĸ
~25ĸ
~3016001462
~311714032480000334
~32RUBOWICZ CZESĢAWA ANTONINA
~33AL. LOTNIKÓW 20/32
~38PL02160014621714032480000334
~6020260120
~63ĸ
:61:2601210121C524,01NU12NONREF//5210597830002879
U12 0
:86:020~00U12
~20Lok 127 czynsz za mc. 01/26
~21ĸ
~22ĸ
~23ĸ
~24ĸ
~25ĸ
~3020300045
~311130000006346070
~32TROJANOWSKI PIOTR ANDRZEJ Ķ
~33RÓDZIEMNOMORSKA 55/9
~38PL02203000451130000006346070
~6020260121
~63ĸ
:61:2601210121C908,00NU12NONREF//5210591860001050
U12 0
:86:020~00U12
~20czynsz za styczeņ i luty 20
~2126
~22ĸ
~23ĸ
~24ĸ
~25ĸ
~3014700002
~312011220250000001
~32JABĢOŅSKA EWA 02-777 WARSZA
~33WA UL STEFANA KOPCIŅSKIEGO
~38PL37147000022011220250000001
~6020260121
~63ĸ
:61:2601260126D3500,00N152NONREF//5260505600015466
152 0
:86:020~00152
~20FV 003/01/2026
~21ĸ
~22ĸ
~23ĸ
~24ĸ
~25ĸ
~3010901883
~310000000148667823
~32ROS CLEAN
~33ĸ
~38PL21109018830000000148667823
~60ĸ
~63ĸ
:61:2601260126C548,34NU12NONREF//5260595270005118
U12 0
:86:020~00U12
~20CZYNSZ ZA  STYCZEŅ 2026
~21ĸ
~22ĸ
~23ĸ
~24ĸ
~25ĸ
~3011402004
~310000330268901899
~32JERZY ORUŅ 02-668 WARSZAWA
~33AL.LOTNIKÓW 20 M.8
~38PL90114020040000330268901899
~6020260125
~63ĸ
:61:2601260126C720,00NG04NONREF//5260596260002742
G04 0
:86:020~00G04
~20OPĢ. EKSP. ZA MC STYCZEŅ 26
~21        R
~22ĸ
~23                        Wpģ
~24ata w UP nr:991324260123BI#
~25P0797
~3013200019
~310099041520000398
~32JAKUBOWSKA STANISĢAWA 02-66
~33 8 WARSZAWA ALEJA LOTNIKÓW
~38PL59132000190099041520000398
~6020260123
~63ĸ
:61:2601270127D7260,00N500NONREF//5270594940002680
500 0
:86:020~00500
~20ODPADY
~21ĸ
~22ĸ
~23ĸ
~24ĸ
~25ĸ
~3010301999
~317702240100063127
~32URZĄD M. ST. WARSZAWA
~33ĸ
~38PL54103019997702240100063127
~60ĸ
~63ĸ
:61:2601270127D1,10N775NONREF//5270594940002680
775 0
:86:020~00775
~20OPĢ.R.ZL.ST.ZW
~21ĸ
~22ĸ
~23ĸ
~24ĸ
~25ĸ
~30ĸ
~31ĸ
~32ĸ
~33ĸ
~38ĸ
~60ĸ
~63ĸ
:61:2601270127C1000,00NU12NONREF//5270597080004383
U12 0
:86:020~00U12
~20czynsz Boŋena Zawisza Al. L
~21otników 20 m 1
~22ĸ
~23ĸ
~24ĸ
~25ĸ
~3010901883
~310000000107652403
~32Pani BOŊENA ZAWISZA AL. LOT
~33NIKÓW 20/1 02-668 WARSZAWA
~38PL50109018830000000107652403
~6020260126
~63ĸ
:61:2601270127C791,36NU12NONREF//5270597080004384
U12 0
:86:020~00U12
~20Rozliczenie za 01.2026
~21ĸ
~22ĸ
~23ĸ
~24ĸ
~25ĸ
~3012401037
~311111000006065890
~32SĢAWOMIR ĶWIĄTKOWSKI AL LOT
~33NIKOW 20 M 7
~38PL49124010371111000006065890
~6020260127
~63ĸ
:61:2601280128C620,00NU12NONREF//5280599460005124
U12 0
:86:020~00U12
~20opģaty mieszkaniowe i fund
~21rem 2026.01 DZIERŊYC LEOKAD
~22IA AL.LOTNIKÓW. 20 lok. 56
~2302-668 Warszawa
~24ĸ
~25ĸ
~3020300045
~311130000010557280
~32DZIERZYC-KULHAWIK PIOTR ORZ
~33YCKA 6/6 02-695 WARSZAWA
~38PL53203000451130000010557280
~6020260127
~63ĸ
:61:2601300130C485,92NU12NONREF//5300591930005373
U12 0
:86:020~00U12
~20TIOMKIN GRAŊYNA WACĢAWA
~21        AL.LOTNIKóW. 20 lok
~22. 20            02-668 Wars
~23zawa                    za
~24pa?dziernik 2025
~25ĸ
~3010501025
~311000002275735435
~32TIOMKIN IZABELA JOLANTA ZAM
~33IANY 9/18 02-786 WARSZAWA
~38PL37105010251000002275735435
~6020260130
~63ĸ
:61:2601300130C824,67NU13NONREF//5300507700088463
U13 0
:86:020~00U13
~20OPĢATA EKSPLOATACYJNA M-C I
~21 2026,W TYM F REMONTOWY 78,
~2293ZĢ EWA RAK    AL.LOTNIKÓW
~23 20/49 W-WA
~24ĸ
~25ĸ
~3010201169
~310000830200209361
~32EWA RAK 02-668 WARSZAWA AL.
~33 LOTNIKÓW 20 M.49
~38PL86102011690000830200209361
~60ĸ
~63ĸ
:61:2601310130D28,00N188NONREF//5310298250012446
188 0
:86:020~00188
~20OPĢATA ZA PROWADZENIE RACHU
~21NKU
~22ĸ
~23ĸ
~24ĸ
~25ĸ
~30ĸ
~31ĸ
~32ĸ
~33ĸ
~38ĸ
~60ĸ
~63ĸ
:62F:C260131PLN140166,20
:64:C260131PLN140166,20
-
